@article{acin2003security,
    archivePrefix = {arXiv},
    author = {Acin, Antonio and Gisin, Nicolas and Scarani, Valerio},
    eprint = {quant-ph/0303009},
    month = {3},
    title = {Security bounds in Quantum Cryptography using d-level systems},
    year = {2003}
}

@article{agarwalCAT1997,
    author = {G. S. Agarwal and R. R. Puri and R. P. Singh},
    doi = {10.1103/PhysRevA.56.2249},
    journal = {Phys. Rev. A},
    number = {3},
    pages = {2249-2254},
    title = {Atomic Schr{\"o}dinger cat states},
    volume = {56},
    year = {1997}
}

@article{agresti2019pattern,
    author = {Agresti, Iris and Viggianiello, Niko and Flamini, Fulvio and Spagnolo, Nicol{\`o} and Crespi, Andrea and Osellame, Roberto and Wiebe, Nathan and Sciarrino, Fabio},
    doi = {10.1103/PhysRevX.9.011013},
    journal = {Phys. Rev. X},
    number = {1},
    pages = {011013},
    publisher = {APS},
    title = {Pattern recognition techniques for boson sampling validation},
    volume = {9},
    year = {2019}
}

@article{aharonov1993quantum,
    author = {Aharonov, Y and Davidovich, L and Zagury, N},
    doi = {10.1103/physreva.48.1687},
    issn = {1050-2947},
    journal = {Phys. Rev. A },
    number = {2},
    pages = {1687--1690},
    pmid = {9909772},
    title = {Quantum random walks},
    url = {http://dx.doi.org/10.1103/physreva.48.1687},
    volume = {48},
    year = {1993}
}

@article{allen_0AM_1992,
    author = {Allen, L. and Beijersbergen, M. W. and Spreeuw, R. J. C. and Woerdman, J. P.},
    doi = {10.1103/PhysRevA.45.8185},
    issue = {11},
    journal = {Phys. Rev. A},
    month = {Jun},
    numpages = {0},
    pages = {8185--8189},
    publisher = {American Physical Society},
    title = {Orbital angular momentum of light and the transformation of Laguerre-Gaussian laser modes},
    url = {https://link.aps.org/doi/10.1103/PhysRevA.45.8185},
    volume = {45},
    year = {1992}
}

@inproceedings{ambainis2001one,
    author = {Andris Ambainis and Eric Bach and Ashwin Nayak and Ashvin Vishwanath and John Watrous},
    booktitle = {STOC '01 Proceedings of the thirty-third annual ACM symposium on Theory of computing},
    doi = {10.1145/380752.380757},
    isbn = {9781581133499},
    pages = {37-49},
    title = {One-dimensional quantum walks},
    year = {2001}
}

@inproceedings{ambainis2001onedimensional,
    author = {Ambainis, Andris and Bach, Eric and Nayak, Ashwin and Vishwanath, Ashvin and Watrous, John},
    booktitle = {Proceedings of the thirty-third annual ACM symposium on Theory of computing},
    doi = {10.1145/380752.380757},
    isbn = {9781581133499},
    month = {1},
    organization = {ACM},
    pages = {37--49},
    title = {One-dimensional quantum walks},
    url = {http://dx.doi.org/10.1145/380752.380757},
    year = {2001}
}

@article{ambainis2003quantum,
    author = {AMBAINIS, ANDRIS},
    doi = {10.1142/s0219749903000383},
    issn = {0219-7499},
    journal = {International Journal of Quantum Information},
    month = {3},
    number = {04},
    pages = {507--518},
    title = {QUANTUM WALKS AND THEIR ALGORITHMIC APPLICATIONS},
    url = {http://dx.doi.org/10.1142/s0219749903000383},
    volume = {01},
    year = {2003}
}

@article{ambainis2003quantumb,
    author = {Ambainis, Andris},
    month = {3},
    title = {Quantum walk algorithm for element distinctness},
    url = {https://scholar.google.com/scholar?cluster = {4015381634144808570}},
    year = {2003}
}

@inproceedings{ambainis2005coins,
    author = {Ambainis, Andris and Kempe, Julia and Rivosh, Alexander},
    booktitle = {Proceedings of the sixteenth annual ACM-SIAM symposium on Discrete algorithms},
    isbn = {0-89871-585-7},
    organization = {Society for Industrial and Applied Mathematics},
    pages = {1099--1108},
    title = {Coins make quantum walks faster},
    year = {2005}
}

@article{ambainis2007quantum,
    author = {Ambainis, A},
    doi = {10.1137/S0097539705447311},
    journal = {{SIAM} Journal on Computing},
    number = {2},
    pages = {210-239},
    title = {Quantum walk algorithm for element distinctness},
    volume = {37},
    year = {2007}
}

@book{AMcat,
    author = {Militello, Bernardo and Messina, Antonino},
    editor = {Ruggiero, B. and Delsing, P. and Granata, C. and Pashkin, Y. and Silvestrini, P/},
    journal = {in Quantum Computing in Solid State Systems},
    publisher = {Springer, New York},
    title = {Quantum Computing in Solid State Systems },
    year = {2006}
}

@article{Anderson2015,
    author = {Anderson, B. E. and Sosa-Martinez, H. and Riofr{\'{i}}o, C. A. and Deutsch, Ivan H. and Jessen, Poul S.},
    doi = {10.1103/PhysRevLett.114.240401},
    issn = {0031-9007},
    journal = {Phys. Rev. Lett. },
    month = {jun},
    number = {24},
    pages = {240401},
    publisher = {American Physical Society},
    title = {Accurate and Robust Unitary Transformations of a High-Dimensional Quantum System},
    url = {https://link.aps.org/doi/10.1103/PhysRevLett.114.240401},
    volume = {114},
    year = {2015}
}

@article{arecchiSpinCoherent,
    author = {F. T Arecchi and E. Courtens and R. Gilmore and H. Thomas},
    doi = {10.1103/PhysRevA.6.2211},
    journal = {Phys. Rev. A},
    number = {6},
    pages = {2211-2237},
    title = {Atomic Coherent states in Quantum Optics},
    volume = {6},
    year = {1972}
}

@article{Banaszek_2013,
    author = {K Banaszek and M Cramer and D Gross},
    doi = {10.1088/1367-2630/15/12/125020},
    journal = {New Journal of Physics},
    month = {dec},
    number = {12},
    pages = {125020},
    publisher = {{IOP} Publishing},
    title = {Focus on quantum tomography},
    url = {https://doi.org/10.1088%2F1367-2630%2F15%2F12%2F125020},
    volume = {15},
    year = {2013}
}

@article{banchi2015perfect,
    author = {Banchi, Leonardo and Compagno, Enrico and Bose, Sougato},
    doi = {10.1103/physreva.91.052323},
    issn = {2469-9934},
    journal = {Phys. Rev. A },
    number = {5},
    pages = {052323},
    title = {Perfect wave-packet splitting and reconstruction in a one-dimensional lattice},
    url = {http://dx.doi.org/10.1103/physreva.91.052323},
    volume = {91},
    year = {2015}
}

@unpublished{banchi2016quench,
    author = {I. Pitsios and L. Banchi and A. S. Rab and M. Bentivegna and D. Caprara and A. Crespi and N. Spagnolo and S. Bose and P. Mataloni and R. Osellame and F. Sciarrino},
    note = {arXiv:1603.02669},
    title = {Photonic Simulation of Entanglement Growth After a Spin Chain Quench},
    year = {2016}
}

@article{bartholomewbiggs2000automatic,
    author = {Bartholomew-Biggs, Michael and Brown, Steven and Christianson, Bruce and Dixon, Laurence},
    doi = {10.1016/s0377-0427(00)00422-2},
    issn = {0377-0427},
    journal = {Journal of Computational and Applied Mathematics},
    number = {1-2},
    pages = {171--190},
    title = {Automatic differentiation of algorithms},
    url = {http://dx.doi.org/10.1016/s0377-0427(00)00422-2},
    volume = {124},
    year = {2000}
}

@article{bartlett2002quantum,
    author = {Bartlett, Stephen D. and Guise, Hubert de and Sanders, Barry C.},
    doi = {10.1103/physreva.65.052316},
    issn = {2469-9934},
    journal = {Phys. Rev. A },
    month = {2},
    number = {5},
    pages = {052316},
    title = {Quantum encodings in spin systems and harmonic oscillators},
    url = {http://dx.doi.org/10.1103/physreva.65.052316},
    volume = {65},
    year = {2002}
}

@article{Bauer2014,
    author = {T. Bauer and S. Orlov and U. Peschel and P. Banzer and G. Leuchs},
    doi = {10.1038/NPHOTON.2013.289},
    journal = {Nature Photonics},
    pages = {23},
    title = {Nanointerferometric amplitude and phase reconstruction of tightly focused vector beams},
    volume = {8},
    year = {2014}
}

@article{Bauer2015,
    author = {Bauer, Thomas and Banzer, Peter and Karimi, Ebrahim and Orlov, Sergej and Rubano, Andrea and Marrucci, Lorenzo and Santamato, Enrico and Boyd, Robert W. and Leuchs, Gerd},
    doi = {10.1126/science.1260635},
    issn = {0036-8075},
    journal = {Science},
    number = {6225},
    pages = {964--966},
    publisher = {American Association for the Advancement of Science},
    title = {Observation of optical polarization M{\"o}bius strips},
    volume = {347},
    year = {2015}
}

@article{bauls2006quantum,
    author = {Ba{\~n}uls, M. C. and Navarrete, C. and P{\'e}rez, A. and Rold{\'a}n, Eugenio and Soriano, J. C.},
    doi = {10.1103/physreva.73.062304},
    issn = {2469-9934},
    journal = {Phys. Rev. A },
    month = {6},
    number = {6},
    pages = {062304},
    title = {Quantum walk with a time-dependent coin},
    url = {http://dx.doi.org/10.1103/physreva.73.062304},
    volume = {73},
    year = {2006}
}

@article{bavaresco2018measurements,
    author = {Bavaresco, Jessica and Valencia, Natalia Herrera and Kl{\"o}ckl, Claude and Pivoluska, Matej and Erker, Paul and Friis, Nicolai and Malik, Mehul and Huber, Marcus},
    journal = {Nature Physics},
    number = {10},
    pages = {1032--1037},
    publisher = {Nature Publishing Group},
    title = {Measurements in two bases are sufficient for certifying high-dimensional entanglement},
    volume = {14},
    year = {2018}
}

@article{Bechmann2000,
    author = {Bechmann-Pasquinucci, Helle and Peres, Asher},
    doi = {10.1103/PhysRevLett.85.3313},
    issue = {15},
    journal = {Phys. Rev. Lett.},
    month = {Oct},
    numpages = {0},
    pages = {3313--3316},
    publisher = {American Physical Society},
    title = {Quantum Cryptography with 3-State Systems},
    url = {https://link.aps.org/doi/10.1103/PhysRevLett.85.3313},
    volume = {85},
    year = {2000}
}

@article{bechmannpasquinucci2000quantum,
    author = {Bechmann-Pasquinucci, Helle and Peres, Asher},
    doi = {10.1103/physrevlett.85.3313},
    issn = {1079-7114},
    journal = {Phys. Rev. Lett. },
    number = {15},
    pages = {3313},
    pmid = {11019329},
    title = {Quantum Cryptography with 3-State Systems},
    url = {http://dx.doi.org/10.1103/physrevlett.85.3313},
    volume = {85},
    year = {2000}
}

@article{Bent2015,
    author = {Bent, N. and Qassim, H. and Tahir, A. A. and Sych, D. and Leuchs, G. and S{\'{a}}nchez-Soto, L. L. and Karimi, E. and Boyd, R. W.},
    doi = {10.1103/PhysRevX.5.041006},
    issn = {2160-3308},
    journal = {Physical Review X},
    month = {oct},
    number = {4},
    pages = {041006},
    publisher = {American Physical Society},
    title = {Experimental Realization of Quantum Tomography of Photonic Qudits via Symmetric Informationally Complete Positive Operator-Valued Measures},
    url = {https://link.aps.org/doi/10.1103/PhysRevX.5.041006},
    volume = {5},
    year = {2015}
}

@article{Berkhout2010_oamSorter,
    author = {Berkhout, Gregorius C. G. and Lavery, Martin P. J. and Courtial, Johannes and Beijersbergen, Marco W. and Padgett, Miles J.},
    doi = {10.1103/PhysRevLett.105.153601},
    issue = {15},
    journal = {Phys. Rev. Lett.},
    month = {Oct},
    numpages = {4},
    pages = {153601},
    publisher = {American Physical Society},
    title = {Efficient Sorting of Orbital Angular Momentum States of Light},
    url = {https://link.aps.org/doi/10.1103/PhysRevLett.105.153601},
    volume = {105},
    year = {2010}
}

@article{bernhard2013shaping,
    author = {Bernhard, Christof and Bessire, B{\"a}nz and Feurer, Thomas and Stefanov, Andr{\'e}},
    doi = {10.1103/physreva.88.032322},
    issn = {2469-9934},
    journal = {Phys. Rev. A },
    number = {3},
    pages = {032322},
    title = {Shaping frequency-entangled qudits},
    url = {http://dx.doi.org/10.1103/physreva.88.032322},
    volume = {88},
    year = {2013}
}

@article{berry2015simulating,
    author = {Berry, Dominic W. and Childs, Andrew M. and Cleve, Richard and Kothari, Robin and Somma, Rolando D.},
    doi = {10.1103/physrevlett.114.090502},
    issn = {1079-7114},
    journal = {Phys. Rev. Lett. },
    number = {9},
    pages = {090502},
    pmid = {25793789},
    title = {Simulating Hamiltonian Dynamics with a Truncated Taylor Series},
    url = {http://dx.doi.org/10.1103/physrevlett.114.090502},
    volume = {114},
    year = {2015}
}

@article{bessire2014versatile,
    author = {Bessire, B and Bernhard, C and Feurer, T and Stefanov, A},
    doi = {10.1088/1367-2630/16/3/033017},
    issn = {1367-2630},
    journal = {New Journal of Physics},
    number = {3},
    pages = {033017},
    title = {Versatile shaper-assisted discretization of energy?time entangled photons},
    url = {http://dx.doi.org/10.1088/1367-2630/16/3/033017},
    volume = {16},
    year = {2014}
}

@article{Biamonte2017,
    author = {Biamonte, Jacob and Wittek, Peter and Pancotti, Nicola and Rebentrost, Patrick and Wiebe, Nathan and Lloyd, Seth},
    doi = {10.1038/nature23474},
    issn = {0028-0836},
    journal = {Nature},
    month = {sep},
    number = {7671},
    pages = {195--202},
    publisher = {Nature Publishing Group},
    title = {Quantum machine learning},
    url = {http://www.nature.com/doifinder/10.1038/nature23474},
    volume = {549},
    year = {2017}
}

@book{bishop2006pattern,
    author = {Bishop, Christopher M},
    publisher = {springer},
    title = {Pattern recognition and machine learning},
    year = {2006}
}

@article{bogdanov2004qutrit,
    author = {Bogdanov, Yu. I. and Chekhova, M. V. and Kulik, S. P. and Maslennikov, G. A. and Zhukov, A. A. and Oh, C. H. and Tey, M. K.},
    doi = {10.1103/physrevlett.93.230503},
    issn = {1079-7114},
    journal = {Phys. Rev. Lett. },
    month = {4},
    number = {23},
    pages = {230503},
    pmid = {15601135},
    title = {Qutrit State Engineering with Biphotons},
    url = {http://dx.doi.org/10.1103/physrevlett.93.230503},
    volume = {93},
    year = {2004}
}

@article{bolduc2013holo,
    author = {E. Bolduc and N. Bent and E. Santamato and E. Karimi and R. W. Boyd},
    doi = {10.1364/OL.38.003546},
    journal = {Optics Letters},
    number = {18},
    pages = {3546--3549},
    title = {Exact solution to simultaneous intensity and phase encryption with a single phase-only hologram},
    volume = {38},
    year = {2013}
}

@article{Bouchard,
    author = {F. Bouchard and R. Fickler and R. W. Boyd, and E. Karimi},
    doi = {https://doi.org/10.1126/sciadv.1601915},
    journal = {Sci. Adv.},
    pages = {e1601915},
    title = {High-dimensional quantum cloning and applications to quantum hacking.},
    volume = {3},
    year = {2017}
}

@article{Bouchard,
    author = {F. Bouchard and R. Fickler and R. W. Boyd, and E. Karimi},
    doi = {https://doi.org/10.1126/sciadv.1601915},
    journal = {Sci. Adv.},
    pages = {e1601915},
    title = {High-dimensional quantum cloning and applications to quantum hacking.},
    volume = {3},
    year = {2017}
}

@article{Bouchard_18,
    author = {Fr\'{e}d\'{e}ric Bouchard and Alicia Sit and Felix Hufnagel and Aazad Abbas and Yingwen Zhang and Khabat Heshami and Robert Fickler and Christoph Marquardt and Gerd Leuchs and Robert W. Boyd and Ebrahim Karimi},
    doi = {10.1364/OE.26.022563},
    journal = {Opt. Express},
    month = {Aug},
    number = {17},
    pages = {22563--22573},
    publisher = {OSA},
    title = {Quantum cryptography with twisted photons through an outdoor underwater channel},
    url = {http://www.opticsexpress.org/abstract.cfm?URI = {oe-26-17-22563}},
    volume = {26},
    year = {2018}
}

@article{boutari2016large,
    author = {Boutari, J and Feizpour, A and Barz, S and Franco, C Di and Kim, M S and Kolthammer, W S and Walmsley, I A},
    doi = {10.1088/2040-8978/18/9/094007},
    issn = {2040-8978},
    journal = {Journal of Optics},
    number = {9},
    pages = {094007},
    title = {Large scale quantum walks by means of optical fiber cavities},
    url = {http://dx.doi.org/10.1088/2040-8978/18/9/094007},
    volume = {18},
    year = {2016}
}

@article{boutari2016time,
    author = {Boutari, J. and Feizpour, A. and Barz, S. and Di Franco, C. and Kim, M. S. and Kolthammer, W. S. and Walmsley, I. A.},
    doi = {10.1088/2040-8978/18/9/094007},
    journal = {Journal of Optics},
    pages = {094007},
    title = {Large scale quantum walks by means of optical fiber cavities},
    volume = {18},
    year = {2016}
}

@article{Bozinovic2013,
    author = {Bozinovic, Nenad and Yue, Yang and Ren, Yongxiong and Tur, Moshe and Kristensen, Poul and Huang, Hao and Willner, Alan E. and Ramachandran, Siddharth},
    doi = {10.1126/science.1237861},
    journal = {Science},
    number = {6140},
    pages = {1545--1548},
    publisher = {American Association for the Advancement of Science},
    title = {Terabit-Scale Orbital Angular Momentum Mode Division Multiplexing in Fibers},
    volume = {340},
    year = {2013}
}

@article{brajato2019optical,
    author = {Brajato, Giovanni and Lundberg, Lars and Torres-Company, Victor and Zibar, Darko},
    journal = {arXiv:1904.11951},
    title = {Optical Frequency Comb Noise Characterization Using Machine Learning},
    url = {https://arxiv.org/abs/1904.11951},
    year = {2019}
}

@article{Brask2010,
    author = {J. B. Brask, Rigas, I and Polzik, E. S. and Andersen, U. L. and  S{\o}rensen, Anders S.},
    journal = {Phys. Rev. Lett.},
    pages = {160501},
    url = {https://link.aps.org/doi/10.1103/PhysRevLett.105.160501},
    volume = {105},
    year = {2010}
}

@article{bravyi2008quantum,
    author = {Bravyi, Sergey and DiVincenzo, David P. and Loss, Daniel and Terhal, Barbara M.},
    doi = {10.1103/physrevlett.101.070503},
    issn = {1079-7114},
    journal = {Phys. Rev. Lett. },
    month = {8},
    number = {7},
    pages = {070503},
    pmid = {18764519},
    title = {Quantum Simulation of Many-Body Hamiltonians Using Perturbation Theory with Bounded-Strength Interactions},
    url = {http://dx.doi.org/10.1103/physrevlett.101.070503},
    volume = {101},
    year = {2008}
}

@article{brierley_mubs2013,
    author = {S. Brierley and S. Weigert},
    doi = {10.1103/PhysRevA.79.052316},
    journal = {Phys. Rev. A},
    number = {5},
    pages = {05316},
    title = {Constructing mutually unbiased bases in dimension six},
    volume = {79},
    year = {2009}
}

@article{broome2010bdp,
    author = {M. A. Broome and A. Fedrizzi and B. P. Lanyon and I. Kassal and A. Aspuru-Guzik and A. G. White},
    doi = {10.1103/PhysRevLett.104.153602},
    journal = {Phys. Rev. Lett.},
    pages = {153602},
    title = {Discrete Single-Photon Quantum Walks with Tunable Decoherence},
    volume = {104},
    year = {2010}
}

@article{broome2010discrete,
    author = {Broome, M. A. and Fedrizzi, A. and Lanyon, B. P. and Kassal, I. and Aspuru-Guzik, A. and White, A. G.},
    doi = {10.1103/physrevlett.104.153602},
    issn = {1079-7114},
    journal = {Phys. Rev. Lett. },
    month = {10},
    number = {15},
    pages = {153602},
    pmid = {20481989},
    title = {Discrete Single-Photon Quantum Walks with Tunable Decoherence},
    url = {http://dx.doi.org/10.1103/physrevlett.104.153602},
    volume = {104},
    year = {2010}
}

@article{bru2002optimal,
    author = {Bru{\ss}, D. and Macchiavello, C.},
    doi = {10.1103/physrevlett.88.127901},
    issn = {1079-7114},
    journal = {Phys. Rev. Lett. },
    month = {2},
    number = {12},
    pages = {127901},
    pmid = {11909501},
    title = {Optimal Eavesdropping in Cryptography with Three-Dimensional Quantum States},
    url = {http://dx.doi.org/10.1103/physrevlett.88.127901},
    volume = {88},
    year = {2002}
}

@article{brune_Cat_1992,
    author = {M. Brune and S. Haroche and J. M. Raimond and L. Davidovich and N. Zagury},
    doi = {10.1103/PhysRevA.45.5193},
    journal = {Phys. Rev. A},
    number = {7},
    pages = {5193},
    title = {Manipulation of photons in a cavity by dispersive atom-field coupling: Quantum-nondemolition measurements and generation of "Schr{\"o}dinger cat" states},
    volume = {45},
    year = {1992}
}

@article{Brunner2014,
    author = {Brunner, Nicolas and Cavalcanti, Daniel and Pironio, Stefano and Scarani, Valerio and Wehner, Stephanie},
    doi = {10.1103/RevModPhys.86.419},
    issue = {2},
    journal = {Rev. Mod. Phys.},
    month = {Apr},
    numpages = {60},
    pages = {419--478},
    publisher = {American Physical Society},
    title = {Bell nonlocality},
    url = {https://link.aps.org/doi/10.1103/RevModPhys.86.419},
    volume = {86},
    year = {2014}
}

@article{brunner2014bell,
    author = {Brunner, Nicolas and Cavalcanti, Daniel and Pironio, Stefano and Scarani, Valerio and Wehner, Stephanie},
    doi = {10.1103/revmodphys.86.419},
    issn = {1539-0756},
    journal = {Reviews of Modern Physics},
    number = {2},
    pages = {419},
    title = {Bell nonlocality},
    url = {http://dx.doi.org/10.1103/revmodphys.86.419},
    volume = {86},
    year = {2014}
}

@article{Bruss2002,
    author = {Bru\ss{}, D. and Macchiavello, C.},
    doi = {10.1103/PhysRevLett.88.127901},
    issue = {12},
    journal = {Phys. Rev. Lett.},
    month = {Mar},
    numpages = {4},
    pages = {127901},
    publisher = {American Physical Society},
    title = {Optimal Eavesdropping in Cryptography with Three-Dimensional Quantum States},
    url = {https://link.aps.org/doi/10.1103/PhysRevLett.88.127901},
    volume = {88},
    year = {2002}
}

@article{Buluta2009,
    author = {Buluta, Iulia and Nori, Franco},
    journal = {Science},
    number = {5949},
    pages = {108--11},
    volume = {326},
    year = {2009}
}

@article{butler2018,
    author = {Butler, Keith T and Davies, Daniel W and Cartwright, Hugh and Isayev, Olexandr and Walsh, Aron},
    journal = {Nature},
    number = {7715},
    pages = {547},
    publisher = {Nature Publishing Group},
    title = {Machine learning for molecular and materials science},
    url = {https://www.nature.com/articles/s41586-018-0337-2},
    volume = {559},
    year = {2018}
}

@article{cai2012integrated,
    author = {Cai, Xinlun and Wang, Jianwei and Strain, Michael J and Johnson-Morris, Benjamin and Zhu, Jiangbo and Sorel, Marc and O'Brien, Jeremy L and Thompson, Mark G and Yu, Siyuan},
    doi = {10.1126/science.1226528},
    journal = {Science},
    number = {6105},
    pages = {363--366},
    publisher = {American Association for the Advancement of Science},
    title = {Integrated compact optical vortex beam emitters},
    volume = {338},
    year = {2012}
}

@article{Campbell,
    author = {E. T. Campbell and H. Anwar, and D. E. Browne},
    doi = {https://doi.org/10.1038/nphys1150},
    journal = {Phys. Rev. X},
    pages = {041021},
    title = {Magic-State Distillation in All Prime Dimensions Using Quantum Reed-Muller Codes.},
    volume = {2},
    year = {2012}
}

@article{Campbell2012,
    author = {Campbell, Earl T. and Anwar, Hussain and Browne, Dan E.},
    doi = {10.1103/PhysRevX.2.041021},
    issue = {4},
    journal = {Phys. Rev. X},
    month = {Dec},
    numpages = {20},
    pages = {041021},
    publisher = {American Physical Society},
    title = {Magic-State Distillation in All Prime Dimensions Using Quantum Reed-Muller Codes},
    url = {https://link.aps.org/doi/10.1103/PhysRevX.2.041021},
    volume = {2},
    year = {2012}
}

@article{campbell2012magicstate,
    author = {Campbell, Earl T. and Anwar, Hussain and Browne, Dan E.},
    doi = {10.1103/physrevx.2.041021},
    issn = {2160-3308},
    journal = {Physical Review X},
    month = {12},
    number = {4},
    pages = {041021},
    title = {Magic-State Distillation in All Prime Dimensions Using Quantum Reed-Muller Codes},
    url = {http://dx.doi.org/10.1103/physrevx.2.041021},
    volume = {2},
    year = {2012}
}

@article{Campbell2014,
    author = {Campbell, Earl T.},
    doi = {10.1103/PhysRevLett.113.230501},
    issn = {0031-9007},
    journal = {Phys. Rev. Lett. },
    month = {dec},
    number = {23},
    pages = {230501},
    publisher = {American Physical Society},
    title = {Enhanced Fault-Tolerant Quantum Computing in d -Level Systems},
    url = {https://link.aps.org/doi/10.1103/PhysRevLett.113.230501},
    volume = {113},
    year = {2014}
}

@article{cardano2015quantum,
    author = {Filippo Cardano and Francesco Massa and Hammam Qassim and Ebrahim Karimi and Sergei Slussarenko and Domenico Paparo and Corrado de Lisio and Fabio Sciarrino and Enrico Santamato and Robert W. Boyd and Lorenzo Marrucci},
    doi = {10.1126/sciadv.1500087},
    journal = {Science Advances},
    number = {March},
    pages = {e1500087},
    pmid = {26601157},
    title = {Quantum walks and wavepacket dynamics on a lattice with twisted photons},
    volume = {1},
    year = {2015}
}

@article{Cardano2015Rev,
    author = {Cardano, F. and Marrucci, L.},
    journal = {Nature Photonics},
    pages = {776},
    title = {Spin-Orbit photonics},
    url = {https://doi.org/10.1038/nphoton.2015.232},
    volume = {9},
    year = {2015}
}

@article{cardano2016statistical,
    author = {Filippo Cardano and Maria Maffei and Francesco Massa and Bruno Piccirillo and Corrado de Lisio and Giulio De Filippis and Vittorio Cataudella and Enrico Santamato and Lorenzo Marrucci},
    doi = {10.1038/ncomms11439},
    journal = {Nat. Comm.},
    pages = {11439},
    title = {Statistical moments of quantum-walk dynamics reveal topological quantum transitions},
    volume = {7},
    year = {2016}
}

@article{Cardano:12,
    author = {Filippo Cardano and Ebrahim Karimi and Sergei Slussarenko and Lorenzo Marrucci and Corrado de Lisio and Enrico Santamato},
    doi = {10.1364/AO.51.0000C1},
    journal = {Appl. Opt.},
    month = {Apr},
    number = {10},
    pages = {C1--C6},
    publisher = {OSA},
    title = {Polarization pattern of vector vortex beams generated by q-plates with different topological charges},
    url = {http://ao.osa.org/abstract.cfm?URI = {ao-51-10-C1}},
    volume = {51},
    year = {2012}
}

@article{cardano_zak_2017,
    author = {Filippo Cardano and Alessio D'Errico and Alexandre Dauphin and Maria Maffei and Bruno Piccirillo and Corrado de Lisio and Giulio De Filippis and Vittorio Cataudella and Enrico Santamato and Lorenzo Marrucci and  Maciej Lewenstein and Pietro Massignan},
    journal = {Nat. Comm.},
    pages = {15516},
    title = {Detection of Zak phases and topological invariants in a chiral quantum walk of twisted photons},
    url = {https://www.nature.com/articles/ncomms15516},
    volume = {8},
    year = {2017}
}

@article{carleo2019machine,
    author = {Carleo, Giuseppe and Cirac, Ignacio and Cranmer, Kyle and Daudet, Laurent and Schuld, Maria and Tishby, Naftali and Vogt-Maranto, Leslie and Zdeborov{\'a}, Lenka},
    journal = {arXiv preprint arXiv:1903.10563},
    title = {Machine learning and the physical sciences},
    year = {2019}
}

@article{carrasquilla2019reconstructing,
    author = {Carrasquilla, Juan and Torlai, Giacomo and Melko, Roger G and Aolita, Leandro},
    doi = {10.1038/s42256-019-0028-1},
    journal = {Nat. Mach. Intell.},
    number = {3},
    pages = {155},
    publisher = {Nature Publishing Group},
    title = {Reconstructing quantum states with generative models},
    volume = {1},
    year = {2019}
}

@article{caruso2016fast,
    author = {Caruso, Filippo and Crespi, Andrea and Ciriolo, Anna Gabriella and Sciarrino, Fabio and Osellame, Roberto},
    doi = {10.1038/ncomms11682},
    issn = {2041-1733},
    journal = {Nature Communications},
    pages = {11682},
    pmid = {27248707},
    title = {Fast escape of a quantum walker from an integrated photonic maze},
    url = {http://dx.doi.org/10.1038/ncomms11682},
    volume = {7},
    year = {2016}
}

@article{caruso2016maze,
    author = {Filippo Caruso and Andrea Crespi and Anna Gabriella Ciriolo and Fabio Sciarrino and Roberto Osellame},
    doi = {10.1038/ncomms11682},
    journal = {Nature Communications},
    pages = {11682},
    title = {Fast escape of a quantum walker from an integrated photonic maze},
    volume = {7},
    year = {2016}
}

@article{Cerf2002,
    author = {Cerf, Nicolas J. and Bourennane, Mohamed and Karlsson, Anders and Gisin, Nicolas},
    doi = {10.1103/PhysRevLett.88.127902},
    issue = {12},
    journal = {Phys. Rev. Lett.},
    month = {Mar},
    numpages = {4},
    pages = {127902},
    publisher = {American Physical Society},
    title = {Security of Quantum Key Distribution Using $\mathit{d}$-Level Systems},
    url = {https://link.aps.org/doi/10.1103/PhysRevLett.88.127902},
    volume = {88},
    year = {2002}
}

@article{cerf2002security,
    author = {Cerf, Nicolas J. and Bourennane, Mohamed and Karlsson, Anders and Gisin, Nicolas},
    doi = {10.1103/physrevlett.88.127902},
    issn = {1079-7114},
    journal = {Phys. Rev. Lett. },
    month = {2},
    number = {12},
    pages = {127902},
    pmid = {11909502},
    title = {Security of Quantum Key Distribution Using d-Level Systems},
    url = {http://dx.doi.org/10.1103/physrevlett.88.127902},
    volume = {88},
    year = {2002}
}

@article{cerf_qkd2002,
    author = {N. J. Cerf and M. Bourennane and A. Karlsson and N. Gisin},
    doi = {10.1103/PhysRevLett.88.127902},
    journal = {Phys. Rev. Lett.},
    number = {12},
    pages = {127902},
    title = {Security of Quantum Key Distribution Using d-Level Systems},
    volume = {88},
    year = {2002}
}

@article{chakraborty2016quantum,
    author = {Chakraborty, Sagnik and Das, Arpan and Mallick, Arindam and Chandrashekar, C M},
    doi = {10.1002/andp.201600346},
    title = {Quantum ratchet in disordered quantum walk},
    url = {http://dx.doi.org/10.1002/andp.201600346},
    year = {2016}
}

@article{chandrashekar2008optimizing,
    author = {Chandrashekar, C. M. and Srikanth, R. and Laflamme, Raymond},
    doi = {10.1103/physreva.77.032326},
    issn = {2469-9934},
    journal = {Phys. Rev. A },
    month = {8},
    number = {3},
    pages = {032326},
    title = {Optimizing the discrete time quantum walk using a SU(2) coin},
    url = {http://dx.doi.org/10.1103/physreva.77.032326},
    volume = {77},
    year = {2008}
}

@article{chandrashekar2008quantum,
    author = {C. M. Chandrashekar and Raymond Laflamme},
    doi = {10.1103/PhysRevA.78.022314},
    journal = {Phys. Rev. A },
    number = {2},
    pages = {022314},
    title = {Quantum phase transition using quantum walks in an optical lattice},
    volume = {78},
    year = {2008}
}

@article{chapman2016experimental,
    author = {Chapman, Robert J. and Santandrea, Matteo and Huang, Zixin and Corrielli, Giacomo and Crespi, Andrea and Yung, Man-Hong and Osellame, Roberto and Peruzzo, Alberto},
    doi = {10.1038/ncomms11339},
    issn = {2041-1733},
    journal = {Nat. Comm.},
    pages = {11339},
    pmid = {27088483},
    title = {Experimental perfect state transfer of an entangled photonic qubit},
    url = {http://dx.doi.org/10.1038/ncomms11339},
    volume = {7},
    year = {2016}
}

@article{chapman2016transfer,
    author = {Robert J. Chapman and M. Santandrea and Zixin Huang and Giacomo Corrielli and Andrea Crespi and {M.-H.} Yung and Roberto Osellame and Alberto Peruzzo},
    doi = {10.1038/ncomms11339},
    journal = {Nature Communications},
    pages = {11339},
    title = {Experimental perfect state transfer of an entangled photonic qubit},
    volume = {7},
    year = {2016}
}

@article{childs2009universal,
    author = {A. M. Childs},
    doi = {10.1103/PhysRevLett.102.180501},
    journal = {Phys. Rev. Lett. },
    pages = {180501},
    title = {Universal computation by quantum walk},
    volume = {102},
    year = {2009}
}

@article{childs2009universal,
    author = {Childs, Andrew M.},
    doi = {10.1103/physrevlett.102.180501},
    issn = {1079-7114},
    journal = {Phys. Rev. Lett. },
    month = {9},
    number = {18},
    pages = {180501},
    pmid = {19518851},
    title = {Universal Computation by Quantum Walk},
    url = {http://dx.doi.org/10.1103/physrevlett.102.180501},
    volume = {102},
    year = {2009}
}

@article{childs2010on,
    author = {A. M. Childs},
    doi = {10.1007/s00220-009-0930-1},
    journal = {Communications in Mathematical Physics},
    pages = {581-603},
    title = {On the relationship between continuous-and discrete-time quantum walk},
    volume = {294},
    year = {2010}
}

@article{childs2010on,
    author = {Childs, Andrew M.},
    doi = {10.1007/s00220-009-0930-1},
    issn = {0010-3616},
    journal = {Communications in Mathematical Physics},
    month = {10},
    number = {2},
    pages = {581--603},
    title = {On the Relationship Between Continuous- and Discrete-Time Quantum Walk},
    url = {http://dx.doi.org/10.1007/s00220-009-0930-1},
    volume = {294},
    year = {2010}
}

@article{childs2013universal,
    author = {A. M. Childs and D. Gosset and Z. Webb},
    doi = {10.1126/science.1229957},
    journal = {Science},
    pages = {791-794},
    title = {Universal computation by multiparticle quantum walk},
    volume = {339},
    year = {2013}
}

@article{childs2013universal,
    author = {Childs, Andrew M. and Gosset, David and Webb, Zak},
    doi = {10.1126/science.1229957},
    issn = {0036-8075},
    journal = {Science},
    number = {6121},
    pages = {791--794},
    pmid = {23413349},
    title = {Universal Computation by Multiparticle Quantum Walk},
    url = {http://dx.doi.org/10.1126/science.1229957},
    volume = {339},
    year = {2013}
}

@book{childs2017lecture,
    author = {Childs, Andrew M},
    title = {Lecture Notes on Quantum Algorithms},
    year = {2017}
}

@article{chiptofiber,
    author = {Liu, Jun and Li, Shi-Mao and Zhu, Long and Wang, An-Dong and Chen, Shi and Klitis, Charalambos and Du, Cheng and Mo, Qi and Sorel, Marc and Yu, Si-Yuan and Cai, Xin-Lun and Wang, Jian},
    doi = {10.1038/lsa.2017.148},
    journal = {Light: Science \& Applications},
    number = {3},
    pages = {17148},
    publisher = {Nature Publishing Group},
    title = {Direct fiber vector eigenmode multiplexing transmission seeded by integrated optical vortex emitters},
    volume = {7},
    year = {2018}
}

@misc{chollet2015keras,
    author = {Chollet, Fran\c{c}ois and others},
    howpublished = {\url{https://keras.io}},
    title = {Keras},
    year = {2015}
}

@misc{chollet2015keras,
    author = {Chollet, Fran\c{c}ois and others},
    howpublished = {\url{https://keras.io}},
    title = {Keras},
    year = {2015}
}

@article{Chu2018,
    archivePrefix = {arXiv},
    author = {Chu, Yiwen and Kharel, Prashanta and Yoon, Taekwan and Frunzio, Luigi and Rakich, Peter T. and Schoelkopf, Robert J.},
    eprint = {1804.07426},
    month = {apr},
    primaryClass = {quant-ph},
    title = {Climbing the phonon Fock state ladder},
    url = {http://arxiv.org/abs/1804.07426},
    year = {2018}
}

@article{Chuang1997,
    author = {Chuang, Isaac L. and Leung, Debbie W. and Yamamoto, Yoshihisa},
    doi = {10.1103/PhysRevA.56.1114},
    issn = {1050-2947},
    journal = {Phys. Rev. A },
    month = {aug},
    number = {2},
    pages = {1114--1125},
    publisher = {American Physical Society},
    title = {Bosonic quantum codes for amplitude damping},
    url = {https://link.aps.org/doi/10.1103/PhysRevA.56.1114},
    volume = {56},
    year = {1997}
}

@book{chuang2010,
    author = {M. A. Nielsen and I. L. Chuang},
    publisher = {Cambridge University Press},
    title = {Quantum Computation and Quantum Information},
    year = {2010}
}

@article{ciliberto2018quantum,
    author = {Ciliberto, Carlo and Herbster, Mark and Ialongo, Alessandro Davide and Pontil, Massimiliano and Rocchetto, Andrea and Severini, Simone and Wossnig, Leonard},
    journal = {Proceedings of the Royal Society A: Mathematical, Physical and Engineering Sciences},
    number = {2209},
    pages = {20170551},
    publisher = {The Royal Society Publishing},
    title = {Quantum machine learning: a classical perspective},
    volume = {474},
    year = {2018}
}

@article{cimini2019calibration,
    author = {Cimini, Valeria and Gianani, Ilaria and Spagnolo, Nicol{\`o} and Leccese, Fabio and Sciarrino, Fabio and Barbieri, Marco},
    journal = {arXiv:1904.10392},
    title = {Calibration of quantum sensors by neural networks},
    url = {https://arxiv.org/abs/1904.10392},
    year = {2019}
}

@inproceedings{Ciresan:2011:FHP:2283516.2283603,
    acmid = {2283603},
    author = {Cire\c{s}an, Dan C. and Meier, Ueli and Masci, Jonathan and Gambardella, Luca M. and Schmidhuber, J\"{u}rgen},
    booktitle = {Proceedings of the Twenty-Second International Joint Conference on Artificial Intelligence - Volume Volume Two},
    isbn = {978-1-57735-514-4},
    location = {Barcelona, Catalonia, Spain},
    numpages = {6},
    pages = {1237--1242},
    publisher = {AAAI Press},
    series = {IJCAI'11},
    title = {Flexible, High Performance Convolutional Neural Networks for Image Classification},
    url = {http://dx.doi.org/10.5591/978-1-57735-516-8/IJCAI11-210},
    year = {2011}
}

@article{collins,
    author = {D. Collins and N. Gisin and N. Linden and S Massar and S. Popescu},
    doi = {https://doi.org/10.1103/PhysRevLett.88.040404},
    journal = {Phys. Rev. Lett.},
    number = {4},
    pages = {040404},
    title = {Bell Inequalities for Arbitrarily High-Dimensional Systems},
    volume = {88},
    year = {2002}
}

@article{Collins2001,
    author = {Collins, Daniel and Linden, Noah and Popescu, Sandu},
    journal = {Phys. Rev. A},
    pages = {032302},
    title = {Nonlocal content of quantum operations},
    url = {https://link.aps.org/doi/10.1103/PhysRevA.64.032302},
    volume = {64},
    year = {2001}
}

@article{cote2006quantum,
    author = {Robin C{\^o}t{\'e} and Alexander Russell and Edward E. Eyler and Philip L. Gould},
    doi = {10.1088/1367-2630/8/8/156},
    journal = {New J. Phys.},
    number = {8},
    pages = {156},
    title = {Quantum random walk with Rydberg atoms in an optical lattice},
    url = {https://doi.org/10.1088/1367-2630/8/8/156},
    volume = {8},
    year = {2006}
}

@article{COULLET,
    author = {"P. Coullet and L. Gil and F. Rocca"},
    doi = {10.1016/0030-4018(89)90180-6},
    issn = {"0030-4018"},
    journal = {"Optics Comm."},
    number = {"5"},
    pages = {"403 - 408"},
    title = {"Optical vortices"},
    url = {http://www.sciencedirect.com/science/article/pii/0030401889901806},
    volume = {"73"},
    year = {"1989"}
}

@article{Cozzolino2019_fiber,
    author = {Cozzolino, Daniele and Bacco, Davide and Da Lio, Beatrice and Ingerslev, Kasper and Ding, Yunhong and Dalgaard, Kjeld and Kristensen, Poul and Galili, Michael and Rottwitt, Karsten and Ramachandran, Siddharth and Oxenl\o{}we, Leif Katsuo},
    doi = {10.1103/PhysRevApplied.11.064058},
    issue = {6},
    journal = {Phys. Rev. Appl.},
    month = {Jun},
    numpages = {12},
    pages = {064058},
    publisher = {American Physical Society},
    title = {Orbital Angular Momentum States Enabling Fiber-based High-dimensional Quantum Communication},
    url = {https://link.aps.org/doi/10.1103/PhysRevApplied.11.064058},
    volume = {11},
    year = {2019}
}

@article{cozzolino2019air,
    author = {Cozzolino, Daniele and Polino, Emanuele and Valeri, Mauro and Carvacho, Gonzalo and Bacco, Davide and Spagnolo, Nicol{\`o} and Oxenl{\o}we, Leif K and Sciarrino, Fabio},
    journal = {Advanced Photonics},
    number = {4},
    pages = {046005},
    publisher = {International Society for Optics and Photonics},
    title = {Air-core fiber distribution of hybrid vector vortex-polarization entangled states},
    volume = {1},
    year = {2019}
}

@article{Cramer2010,
    author = {Cramer, Marcus
and Plenio, Martin B.
and Flammia, Steven T.
and Somma, Rolando
and Gross, David
and Bartlett, Stephen D.
and Landon-Cardinal, Olivier
and Poulin, David
and Liu, Yi-Kai},
    doi = {10.1038/ncomms1147},
    issue = { 149},
    journal = {Nature Communications},
    title = {Efficient quantum state tomography},
    url = { https://doi.org/10.1038/ncomms1147},
    volume = { 1},
    year = {2010}
}

@article{crespi2013anderson,
    author = {Andrea Crespi and Roberto Osellame and Roberta Ramponi and Vittorio Giovannetti and Rosario Fazio and Linda Sansoni and Francesco De Nicola and Fabio Sciarrino and Paolo Mataloni},
    doi = {0.1038/nphoton.2013.26},
    journal = {Nature Photonics},
    pages = {322-328},
    title = {Anderson localization of entangled photons in an integrated quantum walk},
    volume = {7},
    year = {2013}
}

@article{crespi2013anderson,
    author = {Crespi, Andrea and Osellame, Roberto and Ramponi, Roberta and Giovannetti, Vittorio and Fazio, Rosario and Sansoni, Linda and Nicola, Francesco De and Sciarrino, Fabio and Mataloni, Paolo},
    doi = {10.1038/nphoton.2013.26},
    issn = {1749-4885},
    journal = {Nature Photonics},
    number = {4},
    pages = {322--328},
    title = {Anderson localization of entangled photons in an integrated quantum walk},
    url = {http://dx.doi.org/10.1038/nphoton.2013.26},
    volume = {7},
    year = {2013}
}

@article{ct2006quantum,
    author = {C{\^o}t{\'e}, Robin and Russell, Alexander and Eyler, Edward E and Gould, Phillip L},
    doi = {10.1088/1367-2630/8/8/156},
    issn = {1367-2630},
    journal = {New Journal of Physics},
    month = {6},
    number = {8},
    pages = {156},
    title = {Quantum random walk with Rydberg atoms in an optical lattice},
    url = {http://dx.doi.org/10.1088/1367-2630/8/8/156},
    volume = {8},
    year = {2006}
}

@incollection{cunningham2008dimension,
    author = {Cunningham, P{\'a}draig},
    booktitle = {Machine learning techniques for multimedia},
    pages = {91--112},
    publisher = {Springer},
    title = {Dimension reduction},
    url = {https://doi.org/10.1007/978-3-540-75171-7},
    year = {2008}
}

@article{Dada2011,
    author = {Dada, Adetunmise C. and Leach, Jonathan and Buller, Gerald S. and Padgett, Miles J. and Andersson, Erika},
    doi = {10.1038/nphys1996},
    issn = {1745-2473},
    journal = {Nature Physics},
    month = {sep},
    number = {9},
    pages = {677--680},
    publisher = {Nature Publishing Group},
    title = {Experimental high-dimensional two-photon entanglement and violations of generalized Bell inequalities},
    url = {http://www.nature.com/articles/nphys1996},
    volume = {7},
    year = {2011}
}

@article{dada2011experimental,
    author = {Dada, Adetunmise C and Leach, Jonathan and Buller, Gerald S and Padgett, Miles J and Andersson, Erika},
    journal = {Nature Physics},
    number = {9},
    pages = {677--680},
    publisher = {Nature Publishing Group},
    title = {Experimental high-dimensional two-photon entanglement and violations of generalized Bell inequalities},
    volume = {7},
    year = {2011}
}

@article{dambrosio_comm_2014,
    author = {Vincenzo D'Ambrosio and Eleonora Nagali and Stephen P Walborn and Leandro Aolita and Sergei Slussarenko and Lorenzo Marrucci and Fabio Sciarrino},
    doi = {10.1038/ncomms1951},
    journal = {Nat. Comm.},
    pages = {961},
    title = {Complete experimental toolbox for alignment-free quantum communication},
    url = {https://doi.org/ 10.1038/ncomms1951},
    volume = {3},
    year = {2012}
}

@article{dambrosio_gear2013,
    author = {Vincenzo D'Ambrosio and Nicolo` Spagnolo and Lorenzo {Del Re} and Sergei Slussarenko and Ying Li and Leong Chuan Kwek and Lorenzo Marrucci and Stephen P. Walborn and Leandro Aolita and Fabio Sciarrino},
    journal = {Nat. Comm.},
    pages = {2432},
    title = {Photonic polarization gears for ultra-sensitive angular measurements},
    url = {https://www.nature.com/articles/ncomms3432},
    volume = {4},
    year = {2013}
}

@article{dambrosio_mubs2013,
    author = {V. D'Ambrosio and F. Cardano and E. Karimi and E. Nagali and E. Santamato and L. Marrucci and F. Sciarrino},
    doi = {0.1038/srep02726},
    journal = {Scientific Reports},
    number = {2726},
    pages = {1-7},
    title = {Test of mutually unbiased bases for six-dimensional photonic quantum systems},
    volume = {3},
    year = {2013}
}

@article{digiuseppe2013epr,
    author = {G. Di Giuseppe and L. Martin and A. Perez-Leija and R. Keil and F. Dreisow and S. Nolte and A. Szameit and A. F. Abouraddy and D. N. Christodoulides and B. E. A. Saleh},
    doi = {10.1103/PhysRevLett.110.150503},
    journal = {Phys. Rev. Lett.},
    pages = {150503},
    title = {Einstein-Podolsky-Rosen Spatial Entanglement in Ordered and Anderson Photonic Lattices},
    volume = {110},
    year = {2013}
}

@article{ding2016high,
    author = {Ding, Dong-Sheng and Zhang, Wei and Shi, Shuai and Zhou, Zhi-Yuan and Li, Yan and Shi, Bao-Sen and Guo, Guang-Can},
    journal = {Light: Science \& Applications},
    number = {10},
    pages = {e16157--e16157},
    publisher = {Nature Publishing Group},
    title = {High-dimensional entanglement between distant atomic-ensemble memories},
    volume = {5},
    year = {2016}
}

@article{Doster_17,
    author = {Timothy Doster and Abbie T. Watnik},
    doi = {10.1364/AO.56.003386},
    journal = {Appl. Opt.},
    month = {Apr},
    number = {12},
    pages = {3386--3396},
    publisher = {OSA},
    title = {Machine learning approach to OAM beam demultiplexing via convolutional neural networks},
    url = {http://ao.osa.org/abstract.cfm?URI = {ao-56-12-3386}},
    volume = {56},
    year = {2017}
}

@article{Duclos-Cianci2013,
    author = {Duclos-Cianci, Guillaume and Poulin, David},
    doi = {10.1103/PhysRevA.87.062338},
    issn = {1050-2947},
    journal = {Phys. Rev. A },
    month = {jun},
    number = {6},
    pages = {062338},
    publisher = {American Physical Society},
    title = {Kitaev's Z d -code threshold estimates},
    url = {https://link.aps.org/doi/10.1103/PhysRevA.87.062338},
    volume = {87},
    year = {2013}
}

@article{Durt2004,
    author = {Durt, Thomas and Kaszlikowski, Dagomir and Chen, Jing-Ling and Kwek, L. C.},
    doi = {10.1103/PhysRevA.69.032313},
    issue = {3},
    journal = {Phys. Rev. A},
    month = {Mar},
    numpages = {11},
    pages = {032313},
    publisher = {American Physical Society},
    title = {Security of quantum key distributions with entangled qudits},
    url = {https://link.aps.org/doi/10.1103/PhysRevA.69.032313},
    volume = {69},
    year = {2004}
}

@article{durt2004security,
    author = {Durt, Thomas and Kaszlikowski, Dagomir and Chen, Jing-Ling and Kwek, L. C.},
    doi = {10.1103/physreva.69.032313},
    issn = {2469-9934},
    journal = {Phys. Rev. A },
    month = {4},
    number = {3},
    pages = {032313},
    title = {Security of quantum key distributions with entangled qudits},
    url = {http://dx.doi.org/10.1103/physreva.69.032313},
    volume = {69},
    year = {2004}
}

@article{durtMUB,
    author = {T. Durt and B. G. Englert and I. Bengtsson and K. Zyczkowski},
    doi = {/10.1142/S0219749910006502},
    journal = {Int. J. Quantum Inform},
    number = {4},
    pages = {535},
    title = {On mutually unbiased bases},
    volume = {8},
    year = {2010}
}

@article{Eisert2000,
    author = {Eisert, J. and Jacobs, K. and Papadopoulos, P. and Plenio, M. B.},
    journal = {Phys. Rev. A},
    pages = {052317},
    title = {Optimal local implementation of nonlocal quantum gates},
    url = {https://link.aps.org/doi/10.1103/PhysRevA.62.052317},
    volume = {62},
    year = {2000}
}

@article{erhard2018twisted,
    author = {Erhard, Manuel and Fickler, Robert and Krenn, Mario and Zeilinger, Anton},
    doi = {10.1038/lsa.2017.146},
    journal = {Light: Science \& Applications},
    number = {3},
    pages = {17146},
    publisher = {Nature Publishing Group},
    title = {Twisted photons: new quantum perspectives in high dimensions},
    volume = {7},
    year = {2018}
}

@article{farhi1998quantum,
    author = {E. Farhi and Sam Gutmann},
    doi = {10.1103/PhysRevA.58.915},
    journal = {Phys. Rev. A },
    number = {2},
    pages = {28},
    title = {Quantum Computation and Decision Trees},
    volume = {58},
    year = {1998}
}

@article{farhi1998quantum,
    author = {Farhi, Edward and Gutmann, Sam},
    doi = {10.1103/physreva.58.915},
    issn = {2469-9934},
    journal = {Phys. Rev. A },
    number = {2},
    pages = {915},
    title = {Quantum computation and decision trees},
    url = {http://dx.doi.org/10.1103/physreva.58.915},
    volume = {58},
    year = {1998}
}

@article{fickler2012quantum,
    author = {R. Fickler and R. Lapkiewicz and William N. Plick and Mario Krenn and Christoph Schaeff and Sven Ramelow and Anton Zeilinger},
    journal = {Science},
    number = {6107},
    pages = {640},
    title = {Quantum Entanglement of High Angular Momenta},
    url = {https://doi.org/10.1126/science.1227193},
    volume = {338},
    year = {2012}
}

@article{fischer2006,
    author = {Fischer, Christopher C and Tibbetts, Kevin J and Morgan, Dane and Ceder, Gerbrand},
    journal = {Nat. Mater.},
    number = {8},
    pages = {641},
    publisher = {Nature Publishing Group},
    title = {Predicting crystal structure by merging data mining with quantum mechanics},
    url = {https://www.nature.com/articles/nmat1691},
    volume = {5},
    year = {2006}
}

@article{Fitzi2001,
    author = {Fitzi, Matthias and Gisin, Nicolas and Maurer, Ueli},
    doi = {10.1103/PhysRevLett.87.217901},
    issue = {21},
    journal = {Phys. Rev. Lett.},
    month = {Nov},
    numpages = {4},
    pages = {217901},
    publisher = {American Physical Society},
    title = {Quantum Solution to the Byzantine Agreement Problem},
    url = {https://link.aps.org/doi/10.1103/PhysRevLett.87.217901},
    volume = {87},
    year = {2001}
}

@article{fitzi2001quantum,
    author = {Fitzi, Matthias and Gisin, Nicolas and Maurer, Ueli},
    doi = {10.1103/physrevlett.87.217901},
    issn = {1079-7114},
    journal = {Phys. Rev. Lett. },
    month = {1},
    number = {21},
    pages = {217901},
    pmid = {11736379},
    title = {Quantum Solution to the Byzantine Agreement Problem},
    url = {http://dx.doi.org/10.1103/physrevlett.87.217901},
    volume = {87},
    year = {2001}
}

@techreport{fodor2002survey,
    author = {Fodor, Imola K},
    doi = {"10.2172/15002155"},
    institution = {Lawrence Livermore National Lab., CA (US)},
    title = {A survey of dimension reduction techniques},
    year = {2002}
}

@article{fontaine2019,
    author = {Fontaine, Nicolas K and Ryf, Roland and Chen, Haoshuo and Neilson, David T and Kim, Kwangwoong and Carpenter, Joel},
    doi = {"10.1038/s41467-019-09840-4"},
    journal = {Nature communications},
    number = {1},
    pages = {1865},
    publisher = {Nature Publishing Group},
    title = {Laguerre-Gaussian mode sorter},
    volume = {10},
    year = {2019}
}

@article{friedland1987the,
    author = {Friedland, S and Nocedal, J and Overton, M L},
    doi = {10.1137/0724043},
    issn = {0036-1429},
    journal = {SIAM Journal on Numerical Analysis},
    number = {3},
    pages = {634--667},
    title = {The Formulation and Analysis of Numerical Methods for Inverse Eigenvalue Problems},
    url = {http://dx.doi.org/10.1137/0724043},
    volume = {24},
    year = {1987}
}

@article{Friis_trapped_ions,
    author = {Friis, Nicolai and Marty, Oliver and Maier, Christine and Hempel, Cornelius and Holz\"apfel, Milan and Jurcevic, Petar and Plenio, Martin B. and Huber, Marcus and Roos, Christian and Blatt, Rainer and Lanyon, Ben},
    doi = {10.1103/PhysRevX.8.021012},
    issue = {2},
    journal = {Phys. Rev. X},
    month = {Apr},
    numpages = {20},
    pages = {021012},
    publisher = {American Physical Society},
    title = {Observation of Entangled States of a Fully Controlled 20-Qubit System},
    url = {https://link.aps.org/doi/10.1103/PhysRevX.8.021012},
    volume = {8},
    year = {2018}
}

@article{fukuhara2013microscopic,
    author = {Fukuhara, Takeshi and Schau{\ss}, Peter and Endres, Manuel and Hild, Sebastian and Cheneau, Marc and Bloch, Immanuel and Gross, Christian},
    doi = {10.1038/nature12541},
    issn = {0028-0836},
    journal = {Nature},
    number = {7469},
    pages = {76--79},
    pmid = {24067608},
    title = {Microscopic observation of magnon bound states and their dynamics},
    url = {http://dx.doi.org/10.1038/nature12541},
    volume = {502},
    year = {2013}
}

@article{genest2016quantum,
    author = {Genest, Vincent X. and Vinet, Luc and Zhedanov, Alexei},
    doi = {10.1016/j.aop.2016.05.009},
    issn = {0003-4916},
    journal = {Annals of Physics},
    pages = {348--367},
    title = {Quantum spin chains with fractional revival},
    url = {http://dx.doi.org/10.1016/j.aop.2016.05.009},
    volume = {371},
    year = {2016}
}

@article{gennaro2009structural,
    author = {G. Gennaro and S. Campbell and M. Paternostro and G. M. Palma},
    doi = {doi.org/10.1103/PhysRevA.80.062315},
    journal = {Phys. Rev. A },
    pages = {062315},
    title = {Structural change in multipartite entanglement sharing: A random matrix approach},
    volume = {80},
    year = {2009}
}

@article{gennaro2010structural,
    author = {Gennaro, G and Campbell, S and Paternostro, M and Palma, G M},
    month = {10},
    title = {Structural change in multipartite entanglement sharing: a random matrix approach},
    url = {https://scholar.google.com/scholar?cluster = {18420353577395825852}},
    year = {2010}
}

@article{giordani2020machine,
    author = {Giordani, Taira and Suprano, Alessia and Polino, Emanuele and Acanfora, Francesca and Innocenti, Luca and Ferraro, Alessandro and Paternostro, Mauro and Spagnolo, Nicolò and Sciarrino, Fabio},
    doi = {10.1103/PhysRevLett.124.160401},
    journal = {Physical Review Letters},
    month = {Apr},
    number = {16},
    publisher = {American Physical Society (APS)},
    title = {Machine Learning-Based Classification of Vector Vortex Beams},
    volume = {124},
    year = {2020}
}

@article{giordani2019experimental,
    author = {Giordani, Taira and Polino, Emanuele and Emiliani, Sabrina and Suprano, Alessia and Innocenti, Luca and Majury, Helena and Marrucci, Lorenzo and Paternostro, Mauro and Ferraro, Alessandro and Spagnolo, Nicolò and et al.},
    doi = {10.1103/PhysRevLett.122.020503},
    journal = {Physical Review Letters},
    month = {Jan},
    number = {2},
    publisher = {American Physical Society (APS)},
    title = {Experimental Engineering of Arbitrary Qudit States with Discrete-Time Quantum Walks},
    volume = {122},
    year = {2019}
}

@article{giuseppe2013einsteinpodolskyrosen,
    author = {Giuseppe, G Di and Martin, L and Perez-Leija, A and Keil, R and Dreisow, F and Nolte, S and Szameit, A and Abouraddy, A F and Christodoulides, D N and Saleh, B E A},
    doi = {10.1103/physrevlett.110.150503},
    issn = {0031-9007},
    journal = {Phys. Rev. Lett. },
    number = {15},
    pages = {150503},
    pmid = {25167236},
    title = {Einstein-Podolsky-Rosen Spatial Entanglement in Ordered and Anderson Photonic Lattices},
    url = {http://dx.doi.org/10.1103/physrevlett.110.150503},
    volume = {110},
    year = {2013}
}

@article{Goswami2018,
    author = {Goswami, K. and Giarmatzi, C. and Kewming, M. and Costa, F. and Branciard, C. and Romero, J. and White, A. G.},
    doi = {10.1103/PhysRevLett.121.090503},
    issue = {9},
    journal = {Phys. Rev. Lett.},
    month = {Aug},
    numpages = {5},
    pages = {090503},
    publisher = {American Physical Society},
    title = {Indefinite Causal Order in a Quantum Switch},
    url = {https://link.aps.org/doi/10.1103/PhysRevLett.121.090503},
    volume = {121},
    year = {2018}
}

@article{goyal2013implementing,
    author = {Goyal, Sandeep K. and Roux, Filippus S. and Forbes, Andrew and Konrad, Thomas},
    doi = {10.1103/physrevlett.110.263602},
    issn = {1079-7114},
    journal = {Phys. Rev. Lett. },
    number = {26},
    pages = {263602},
    pmid = {23848875},
    title = {Implementing Quantum Walks Using Orbital Angular Momentum of Classical Light},
    url = {http://dx.doi.org/10.1103/physrevlett.110.263602},
    volume = {110},
    year = {2013}
}

@article{Hammerer2010,
    author = {Hammerer, K. and Sorensen, A. S. and Polzik, E. S.},
    journal = {Rev. Mod. Phys.},
    pages = {1041},
    url = {https://link.aps.org/doi/10.1103/RevModPhys.82.1041},
    volume = {82},
    year = {2010}
}

@article{harris2015bosonic,
    archivePrefix = {arXiv},
    author = {Harris, Nicholas C and Steinbrecher, Gregory R and Prabhu, Mihika and Lahini, Yoav and Mower, Jacob and Bunandar, Darius and Chen, Changchen and Wong, Franco NC and Baehr-Jones, Tom and Hochberg, Michael and others},
    doi = {10.1038/nphoton.2017.95},
    eprint = {1507.03406},
    journal = {Nature Photonics},
    number = {7},
    pages = {447},
    primaryClass = {quant-ph},
    publisher = {Nature Publishing Group},
    title = {Quantum transport simulations in a programmable nanophotonic processor},
    volume = {11},
    year = {2017}
}

@unpublished{harris2015programmable,
    author = {Nicholas C. Harris and Gregory R. Steinbrecher and Jacob Mower and Yoav Lahini and Mihika Prabhu and Tom Baehr-Jones and Michael Hochberg and Seth Lloyd and Dirk Englund},
    note = {Preprint at arXiv:1507.03406},
    title = {Bosonic transport simulations in a large-scale programmable nanophotonic processor},
    year = {2015}
}

@article{harris2017quantum,
    author = {Harris, Nicholas C and Steinbrecher, Gregory R and Prabhu, Mihika and Lahini, Yoav and Mower, Jacob and Bunandar, Darius and Chen, Changchen and Wong, Franco NC and Baehr-Jones, Tom and Hochberg, Michael and others},
    journal = {Nature Photonics},
    number = {7},
    pages = {447},
    publisher = {Nature Publishing Group},
    title = {Quantum transport simulations in a programmable nanophotonic processor},
    volume = {11},
    year = {2017}
}

@article{Heeres2017,
    author = {Heeres, Reinier W. and Reinhold, Philip and Ofek, Nissim and Frunzio, Luigi and Jiang, Liang and Devoret, Michel H. and Schoelkopf, Robert J.},
    doi = {10.1038/s41467-017-00045-1},
    issn = {2041-1723},
    journal = {Nature Communications},
    month = {dec},
    number = {1},
    pages = {94},
    publisher = {Nature Publishing Group},
    title = {Implementing a universal gate set on a logical qubit encoded in an oscillator},
    url = {http://www.nature.com/articles/s41467-017-00045-1},
    volume = {8},
    year = {2017}
}

@article{Hofheinz2009,
    author = {Hofheinz, Max and Wang, H. and Ansmann, M. and Bialczak, Radoslaw C. and Lucero, Erik and Neeley, M. and O'Connell, A. D. and Sank, D. and Wenner, J. and Martinis, John M. and Cleland, A. N.},
    doi = {10.1038/nature08005},
    issn = {0028-0836},
    journal = {Nature},
    month = {may},
    number = {7246},
    pages = {546--549},
    publisher = {Nature Publishing Group},
    title = {Synthesizing arbitrary quantum states in a superconducting resonator},
    url = {http://www.nature.com/articles/nature08005},
    volume = {459},
    year = {2009}
}

@article{HORODECKI19961,
    author = {Micha{\l} Horodecki and Pawe{\l} Horodecki and Ryszard Horodecki},
    doi = {https://doi.org/10.1016/S0375-9601(96)00706-2},
    issn = {0375-9601},
    journal = {Physics Letters A},
    number = {1},
    pages = {1 - 8},
    title = {Separability of mixed states: necessary and sufficient conditions},
    url = {http://www.sciencedirect.com/science/article/pii/S0375960196007062},
    volume = {223},
    year = {1996}
}

@article{horodecki2009quantum,
    author = {Horodecki, Ryszard and Horodecki, Pawe{\l} and Horodecki, Micha{\l} and Horodecki, Karol},
    doi = {10.1103/revmodphys.81.865},
    issn = {1539-0756},
    journal = {Reviews of Modern Physics},
    month = {9},
    number = {2},
    pages = {865},
    title = {Quantum entanglement},
    url = {http://dx.doi.org/10.1103/revmodphys.81.865},
    volume = {81},
    year = {2009}
}

@article{Howland2013,
    author = {Howland, Gregory A. and Howell, John C.},
    doi = {10.1103/PhysRevX.3.011013},
    issue = {1},
    journal = {Phys. Rev. X},
    month = {Feb},
    numpages = {10},
    pages = {011013},
    publisher = {American Physical Society},
    title = {Efficient High-Dimensional Entanglement Imaging with a Compressive-Sensing Double-Pixel Camera},
    url = {https://link.aps.org/doi/10.1103/PhysRevX.3.011013},
    volume = {3},
    year = {2013}
}

@article{howland2013efficient,
    author = {Howland, Gregory A. and Howell, John C.},
    doi = {10.1103/physrevx.3.011013},
    issn = {2160-3308},
    journal = {Physical Review X},
    number = {1},
    pages = {011013},
    title = {Efficient High-Dimensional Entanglement Imaging with a Compressive-Sensing Double-Pixel Camera},
    url = {http://dx.doi.org/10.1103/physrevx.3.011013},
    volume = {3},
    year = {2013}
}

@article{hoyer2009faster,
    author = {Hoyer, Stephan and Meyer, David A.},
    doi = {10.1103/physreva.79.024307},
    issn = {2469-9934},
    journal = {Phys. Rev. A },
    month = {9},
    number = {2},
    pages = {024307},
    title = {Faster transport with a directed quantum walk},
    url = {http://dx.doi.org/10.1103/physreva.79.024307},
    volume = {79},
    year = {2009}
}

@article{hu2020efficient,
    author = {Hu, Xiao-Min and Xing, Wen-Bo and Liu, Bi-Heng and Huang, Yun-Feng and Li, Chuan-Feng and Guo, Guang-Can and Erker, Paul and Huber, Marcus},
    journal = {arXiv preprint arXiv:2004.09964},
    title = {Efficient generation of high-dimensional entanglement through multi-path downconversion},
    year = {2020}
}

@article{Huelga2001,
    author = {Huelga, S. F. and Vaccaro, J. A. and Chefles, A. and Plenio, M. B.},
    journal = {Phys. Rev. A},
    pages = {042303},
    title = {Quantum remote control: Teleportation of unitary operations},
    url = {https://link.aps.org/doi/10.1103/PhysRevA.63.042303},
    volume = {63},
    year = {2001}
}

@article{Huelga2002,
    author = {Huelga, S. F. and Plenio, M. B. and Vaccaro, J. A.},
    journal = {Phys. Rev. A},
    pages = {042316},
    title = {Remote control of restricted sets of operations: Teleportation of angles},
    url = {https://link.aps.org/doi/10.1103/PhysRevA.65.042316},
    volume = {65},
    year = {2002}
}

@article{innocenti2017quantum,
    author = {Innocenti, Luca and Majury, Helena and Giordani, Taira and Spagnolo, Nicolò and Sciarrino, Fabio and Paternostro, Mauro and Ferraro, Alessandro},
    doi = {10.1103/PhysRevA.96.062326},
    journal = {Physical Review A},
    month = {Dec},
    number = {6},
    publisher = {American Physical Society (APS)},
    title = {Quantum state engineering using one-dimensional discrete-time quantum walks},
    volume = {96},
    year = {2017}
}



@article{jin2016simple,
    author = {Jin, Rui-Bo and Shimizu, Ryosuke and Fujiwara, Mikio and Takeoka, Masahiro and Wakabayashi, Ryota and Yamashita, Taro and Miki, Shigehito and Terai, Hirotaka and Gerrits, Thomas and Sasaki, Masahide},
    doi = {10.1088/2058-9565/1/1/015004},
    issn = {2058-9565},
    journal = {Quantum Science and Technology},
    number = {1},
    pages = {015004},
    title = {Simple method of generating and distributing frequency-entangled qudits},
    url = {http://dx.doi.org/10.1088/2058-9565/1/1/015004},
    volume = {1},
    year = {2016}
}

@article{karimi2014,
    author = {Karimi, Ebrahim and Schulz, Sebastian A and De Leon, Israel and Qassim, Hammam and Upham, Jeremy and Boyd, Robert W},
    journal = {Light: Science \& Applications},
    number = {5},
    pages = {e167},
    publisher = {Nature Publishing Group},
    title = {Generating optical orbital angular momentum at visible wavelengths using a plasmonic metasurface},
    url = {https://doi.org/10.1038/lsa.2014.48},
    volume = {3},
    year = {2014}
}

@article{Karimipour2002,
    author = {Karimipour, Vahid and Bahraminasab, Alireza and Bagherinezhad, Saber},
    doi = {10.1103/PhysRevA.65.052331},
    issue = {5},
    journal = {Phys. Rev. A},
    month = {May},
    numpages = {7},
    pages = {052331},
    publisher = {American Physical Society},
    title = {Quantum key distribution for d-level systems with generalized Bell states},
    url = {https://link.aps.org/doi/10.1103/PhysRevA.65.052331},
    volume = {65},
    year = {2002}
}

@article{karimipour2002quantum,
    author = {Karimipour, Vahid and Bahraminasab, Alireza and Bagherinezhad, Saber},
    doi = {10.1103/physreva.65.052331},
    issn = {2469-9934},
    journal = {Phys. Rev. A },
    month = {2},
    number = {5},
    pages = {052331},
    title = {Quantum key distribution for d-level systems with generalized Bell states},
    url = {http://dx.doi.org/10.1103/physreva.65.052331},
    volume = {65},
    year = {2002}
}

@article{karski2009quantum,
    author = {Michal Karski and Leonid F\"orster and {J.-M.} Choi and Andreas Steffen and Wolfgang Alt and Dieter Meschede and Artur Widera},
    doi = {10.1126/science.1174436},
    journal = {Science},
    number = {5937},
    pages = {174-177},
    pmid = {19589996},
    title = {Quantum Walk in Position Space with Single Optically Trapped Atoms},
    volume = {325},
    year = {2009}
}

@article{karski2009quantum,
    author = {Karski, Michal and F{\"o}rster, Leonid and Choi, Jai-Min and Steffen, Andreas and Alt, Wolfgang and Meschede, Dieter and Widera, Artur},
    doi = {10.1126/science.1174436},
    issn = {0036-8075},
    journal = {Science},
    month = {9},
    number = {5937},
    pages = {174--177},
    pmid = {19589996},
    title = {Quantum Walk in Position Space with Single Optically Trapped Atoms},
    url = {http://dx.doi.org/10.1126/science.1174436},
    volume = {325},
    year = {2009}
}

@article{kay2006perfect,
    author = {Kay, Alastair},
    doi = {10.1103/physreva.73.032306},
    issn = {2469-9934},
    journal = {Phys. Rev. A },
    month = {6},
    number = {3},
    pages = {032306},
    title = {Perfect state transfer: Beyond nearest-neighbor couplings},
    url = {http://dx.doi.org/10.1103/physreva.73.032306},
    volume = {73},
    year = {2006}
}

@article{kay2009a,
    author = {Kay, Alastair},
    doi = {10.1142/s0219749910006514},
    issn = {0219-7499},
    journal = {International Journal of Quantum Information},
    month = {9},
    number = {04},
    pages = {641--676},
    title = {A Review of Perfect State Transfer and its Application as a Constructive Tool},
    url = {http://dx.doi.org/10.1142/s0219749910006514},
    volume = {08},
    year = {2009}
}

@article{Kempe2003,
    author = {Kempe, J},
    doi = {10.1080/00107151031000110776},
    issn = {0010-7514},
    journal = {Contemporary Physics},
    month = {jul},
    number = {4},
    pages = {307--327},
    title = {Quantum random walks: An introductory overview},
    url = {http://www.tandfonline.com/doi/abs/10.1080/00107151031000110776},
    volume = {44},
    year = {2003}
}

@article{kempe2003quantum,
    author = {Julia Kempe},
    doi = {10.1080/00107151031000110776},
    journal = {Contemporary Physics},
    number = {4},
    pages = {307-327},
    title = {Quantum random walks: An introductory overview},
    volume = {44},
    year = {2003}
}

@article{Kimble2008,
    author = {H. J. Kimble},
    journal = {Nature (London)},
    pages = {1023},
    url = {https://doi.org/10.1038/nature07127},
    volume = {453},
    year = {2008}
}

@article{kitagawa2012bound,
    author = {Takuya Kitagawa and Matthew A. Broome and Alessandro Fedrizzi and Mark S. Rudner and Erez Berg and Ivan Kassal and Al\'an Aspuru-Guzik and Eugene Demler and Andrew G. White},
    doi = {10.1038/ncomms1872},
    journal = {Nature Communications},
    pages = {882},
    title = {Observation of topologically protected bound states in photonic quantum walks},
    volume = {3},
    year = {2012}
}

@article{kitagawa2012observation,
    author = {Kitagawa, Takuya and Broome, Matthew A. and Fedrizzi, Alessandro and Rudner, Mark S. and Berg, Erez and Kassal, Ivan and Aspuru-Guzik, Al{\'a}n and Demler, Eugene and White, Andrew G.},
    doi = {10.1038/ncomms1872},
    issn = {2041-1733},
    journal = {Nature Communications},
    month = {12},
    pages = {882},
    pmid = {22673909},
    title = {Observation of topologically protected bound states in photonic quantum walks},
    url = {http://dx.doi.org/10.1038/ncomms1872},
    volume = {3},
    year = {2012}
}

@article{knight2003optical,
    author = {P. L. Knight and E. Rold{\'a}n and J. E. Sipe},
    doi = {10.1016/j.optcom.2003.09.024},
    journal = {Optics Communications},
    pages = {147-157},
    title = {Optical cavity implementations of the quantum walk},
    volume = {227},
    year = {2003}
}

@article{knight2003optical,
    author = {Knight, Peter L. and Rold{\'a}n, Eugenio and Sipe, J.E.},
    doi = {10.1016/j.optcom.2003.09.024},
    issn = {0030-4018},
    journal = {Optics Communications},
    month = {3},
    number = {1-3},
    pages = {147--157},
    title = {Optical cavity implementations of the quantum walk},
    url = {http://dx.doi.org/10.1016/j.optcom.2003.09.024},
    volume = {227},
    year = {2003}
}

@article{Kraus2004,
    author = {Kraus, B. and Cirac, J. I.},
    issue = {1},
    journal = {Phys. Rev. Lett.},
    numpages = {4},
    pages = {013602},
    title = {Discrete Entanglement Distribution with Squeezed Light},
    url = {https://link.aps.org/doi/10.1103/PhysRevLett.92.013602},
    volume = {92},
    year = {2004}
}

@article{krenn2013entangled,
    author = {Krenn, Mario and Fickler, Robert and Huber, Marcus and Lapkiewicz, Radek and Plick, William and Ramelow, Sven and Zeilinger, Anton},
    doi = {10.1103/physreva.87.012326},
    issn = {2469-9934},
    journal = {Phys. Rev. A },
    number = {1},
    pages = {012326},
    title = {Entangled singularity patterns of photons in Ince-Gauss modes},
    url = {http://dx.doi.org/10.1103/physreva.87.012326},
    volume = {87},
    year = {2013}
}

@article{krenn2014generation,
    author = {Krenn, Mario and Huber, Marcus and Fickler, Robert and Lapkiewicz, Radek and Ramelow, Sven and Zeilinger, Anton},
    doi = {10.1073/pnas.1402365111},
    issn = {0027-8424},
    journal = {Proceedings of the National Academy of Sciences},
    number = {17},
    pages = {6243--6247},
    pmid = {24706902},
    title = {Generation and confirmation of a (100 x 100)-dimensional entangled quantum system},
    url = {http://dx.doi.org/10.1073/pnas.1402365111},
    volume = {111},
    year = {2014}
}

@article{Krenn6243,
    author = {Krenn, Mario and Huber, Marcus and Fickler, Robert and Lapkiewicz, Radek and Ramelow, Sven and Zeilinger, Anton},
    doi = {10.1073/pnas.1402365111},
    issn = {0027-8424},
    journal = {Proc. Nat. Acad. Sci. USA},
    number = {17},
    pages = {6243--6247},
    publisher = {National Academy of Sciences},
    title = {Generation and confirmation of a (100 {\texttimes} 100)-dimensional entangled quantum system},
    url = {https://www.pnas.org/content/111/17/6243},
    volume = {111},
    year = {2014}
}

@article{krenn_2014,
    author = {Mario Krenn and Robert Fickler and Matthias Fink and Johannes Handsteiner and Mehul Malik and Thomas Scheidl and Rupert Ursin and Anton Zeilinger},
    doi = {10.1088/1367-2630/16/11/113028},
    journal = {New J. Phys.},
    month = {nov},
    number = {11},
    pages = {113028},
    publisher = {{IOP} Publishing},
    title = {Communication with spatially modulated light through turbulent air across Vienna},
    url = {https://doi.org/10.1088%2F1367-2630%2F16%2F11%2F113028},
    volume = {16},
    year = {2014}
}

@article{krenn_2016,
    author = {Krenn, Mario and Handsteiner, Johannes and Fink, Matthias and Fickler, Robert and Ursin, Rupert and Malik, Mehul and Zeilinger, Anton},
    doi = {10.1073/pnas.1612023113},
    journal = {Proceedings of the National Academy of Sciences},
    pages = {13648},
    publisher = {National Academy of Sciences},
    title = {Twisted light transmission over 143 km},
    volume = {29},
    year = {2016}
}

@article{ku1991relative,
    author = {Ku{\'s}, Marek and {\.Z}yczkowski, Karol},
    doi = {10.1103/physreva.44.956},
    issn = {1050-2947},
    journal = {Phys. Rev. A },
    number = {2},
    pages = {956--959},
    pmid = {9906043},
    title = {Relative randomness of quantum observables},
    url = {http://dx.doi.org/10.1103/physreva.44.956},
    volume = {44},
    year = {1991}
}

@article{kus1991relative,
    author = {Marek Kus},
    doi = {10.1103/PhysRevA.44.956},
    journal = {Phys. Rev. A },
    pages = {956},
    title = {Relative randomness of quantum observables},
    volume = {44},
    year = {1991}
}

@article{langford2004measuring,
    author = {Langford, N. K. and Dalton, R. B. and Harvey, M. D. and O'Brien, J. L. and Pryde, G. J. and Gilchrist, A. and Bartlett, S. D. and White, A. G.},
    doi = {10.1103/physrevlett.93.053601},
    issn = {1079-7114},
    journal = {Phys. Rev. Lett. },
    month = {4},
    number = {5},
    pages = {053601},
    pmid = {15323694},
    title = {Measuring Entangled Qutrits and Their Use for Quantum Bit Commitment},
    url = {http://dx.doi.org/10.1103/physrevlett.93.053601},
    volume = {93},
    year = {2004}
}

@article{Lanyon,
    author = {B. P. Lanyon and M. Barbieri and M. P. Almeida and T. Jennewein and T. C. Ralph and K. J. Resch and G. J. Pryde and J. L. O'Brien and A. Gilchrist and A. G. White},
    doi = {https://doi.org/10.1038/nphys1150},
    journal = {Nature Physics},
    pages = {134--140},
    title = {Simplifying quantum logic using higher-dimensional Hilbert spaces.},
    volume = {5},
    year = {2009}
}

@article{Lanyon2009,
    author = {Lanyon, Benjamin P. and Barbieri, Marco and Almeida, Marcelo P. and Jennewein, Thomas and Ralph, Timothy C. and Resch, Kevin J. and Pryde, Geoff J. and O'Brien, Jeremy L. and Gilchrist, Alexei and White, Andrew G.},
    doi = {10.1038/nphys1150},
    issn = {1745-2473},
    journal = {Nature Physics},
    month = {feb},
    number = {2},
    pages = {134--140},
    publisher = {Nature Publishing Group},
    title = {Simplifying quantum logic using higher-dimensional Hilbert spaces},
    url = {http://www.nature.com/articles/nphys1150},
    volume = {5},
    year = {2009}
}

@article{Lapkiewicz,
    author = {R. Lapkiewicz and P. Li and C. Schaeff and N. K. Langford and S. Ramelow and M. Wiesniak, and A. Zeilinger},
    doi = {https://doi.org/10.1038/nature10119},
    journal = {Nature},
    pages = {490-493},
    title = {Experimental non-classicality of an indivisible quantum system.},
    volume = {474},
    year = {2011}
}

@article{lapkiewicz2011experimental,
    author = {Lapkiewicz, Radek and Li, Peizhe and Schaeff, Christoph and Langford, Nathan K. and Ramelow, Sven and Wie{\'s}niak, Marcin and Zeilinger, Anton},
    doi = {10.1038/nature10119},
    issn = {0028-0836},
    journal = {Nature},
    month = {11},
    number = {7352},
    pages = {490--493},
    pmid = {21697945},
    title = {Experimental non-classicality of an indivisible quantum system},
    url = {http://dx.doi.org/10.1038/nature10119},
    volume = {474},
    year = {2011}
}

@article{Leach2002_oamSorter,
    author = {Leach, Jonathan and Padgett, Miles J. and Barnett, Stephen M. and Franke-Arnold, Sonja and Courtial, Johannes},
    doi = {10.1103/PhysRevLett.88.257901},
    issue = {25},
    journal = {Phys. Rev. Lett.},
    month = {Jun},
    numpages = {4},
    pages = {257901},
    publisher = {American Physical Society},
    title = {Measuring the Orbital Angular Momentum of a Single Photon},
    url = {https://link.aps.org/doi/10.1103/PhysRevLett.88.257901},
    volume = {88},
    year = {2002}
}

@article{lee2014entanglementbased,
    author = {Lee, Catherine and Zhang, Zheshen and Steinbrecher, Gregory R and Zhou, Hongchao and Mower, Jacob and Zhong, Tian and Wang, Ligong and Hu, Xiaolong and Horansky, Robert D and Verma, Varun B and Lita, Adriana E and Mirin, Richard P and Marsili, Francesco and Shaw, Matthew D and Nam, Sae Woo and Wornell, Gregory W and Wong, Franco N C and Shapiro, Jeffrey H and Englund, Dirk},
    doi = {10.1103/physreva.90.062331},
    issn = {1050-2947},
    journal = {Phys. Rev. A },
    number = {6},
    pages = {062331},
    publisher = {Phys. Rev. A },
    title = {Entanglement-based quantum communication secured by nonlocal dispersion cancellation},
    url = {http://dx.doi.org/10.1103/physreva.90.062331},
    volume = {90},
    year = {2014}
}

@article{Leibfried1996,
    author = {Leibfried, D. and Meekhof, D. M. and King, B. E. and Monroe, C. and Itano, W. M. and Wineland, D. J.},
    doi = {10.1103/PhysRevLett.77.4281},
    issn = {0031-9007},
    journal = {Phys. Rev. Lett. },
    month = {nov},
    number = {21},
    pages = {4281--4285},
    publisher = {American Physical Society},
    title = {Experimental Determination of the Motional Quantum State of a Trapped Atom},
    url = {https://link.aps.org/doi/10.1103/PhysRevLett.77.4281},
    volume = {77},
    year = {1996}
}

@article{leung2016speedup,
    author = {Leung, Nelson and Abdelhafez, Mohamed and Koch, Jens and Schuster, David I},
    doi = {10.1103/physreva.95.042318},
    issn = {2469-9926},
    journal = {Phys. Rev. A },
    number = {4},
    title = {Speedup for quantum optimal control from automatic differentiation based on graphics processing units},
    url = {http://dx.doi.org/10.1103/physreva.95.042318},
    volume = {95},
    year = {2016}
}

@article{Li2012,
    author = {"Jinsong, L and Tongtong, L and Ling, G"},
    doi = {"10.1016/j.optlaseng.2012.01.015"},
    issn = {"0143-8166"},
    journal = {"Optics and Lasers in Engineering"},
    number = {"7"},
    pages = {"996 - 1000"},
    title = {"Focusing properties of vector vortex-bearing beams"},
    url = {"http://www.sciencedirect.com/science/article/pii/S0143816612000164"},
    volume = {"50"},
    year = {"2012"}
}

@article{Li_18,
    author = {Jin Li and Min Zhang and Danshi Wang and Shaojun Wu and Yueying Zhan},
    doi = {10.1364/OE.26.010494},
    journal = {Opt. Express},
    month = {Apr},
    number = {8},
    pages = {10494--10508},
    publisher = {OSA},
    title = {Joint atmospheric turbulence detection and adaptive demodulation technique using the CNN for the OAM-FSO communication},
    url = {http://www.opticsexpress.org/abstract.cfm?URI = {oe-26-8-10494}},
    volume = {26},
    year = {2018}
}

@article{li_2017,
    author = {Jin Li and Min Zhang and Danshi Wang},
    doi = {10.1109/LPT.2017.2726139},
    journal = {IEEE Photonics Technology Letters},
    number = {17},
    pages = {1455--1458},
    title = {Adaptive Demodulator Using Machine Learning for
Orbital Angular Momentum Shift Keying},
    url = {https://ieeexplore.ieee.org/stamp/stamp.jsp?arnumber = {7976374}},
    volume = {29},
    year = {2017}
}

@article{lian2019machine,
    author = {Lian, Wenqian and Wang, Sheng-Tao and Lu, Sirui and Huang, Yuanyuan and Wang, Fei and Yuan, Xinxing and Zhang, Wengang and Ouyang, Xiaolong and Wang, Xin and Huang, Xianzhi and others},
    journal = {arXiv:1905.03255},
    title = {Machine Learning Topological Phases with a Solid-state Quantum Simulator},
    url = {https://arxiv.org/abs/1905.03255},
    year = {2019}
}

@article{Lima2011,
    author = {Lima, G. and Neves, L. and Guzm{\'{a}}n, R. and G{\'{o}}mez, E. S. and Nogueira, W. A. T. and Delgado, A. and Vargas, A. and Saavedra, C.},
    doi = {10.1364/OE.19.003542},
    issn = {1094-4087},
    journal = {Optics Express},
    month = {feb},
    number = {4},
    pages = {3542},
    publisher = {Optical Society of America},
    title = {Experimental quantum tomography of photonic qudits via mutually unbiased basis},
    url = {https://www.osapublishing.org/oe/abstract.cfm?uri = {oe-19-4-3542}},
    volume = {19},
    year = {2011}
}

@article{Liu:17,
    author = {Zhenxing, L and Yuanyuan, L and Yougang, K and Yachao, L and Weixing, S and Hailu, L and Shuangchun, W},
    doi = {10.1364/PRJ.5.000015},
    journal = {Photon. Res.},
    month = {Feb},
    number = {1},
    pages = {15--21},
    publisher = {OSA},
    title = {Generation of arbitrary vector vortex beams on hybrid-order Poincar\&\#x00E9; sphere},
    url = {http://www.osapublishing.org/prj/abstract.cfm?URI = {prj-5-1-15}},
    volume = {5},
    year = {2017}
}

@unpublished{lockhart2015discrete,
    author = {Joshua Lockhart and Mauro Paternostro},
    note = {Preprint at arXiv:1509.05816},
    title = {Discrete-time quantum walks as generators of multipartite entanglement},
    year = {2015}
}

@article{lockhart2015discretetime,
    author = {Lockhart, Joshua and Paternostro, Mauro},
    title = {Discrete-time quantum walks as generators of multipartite entanglement},
    year = {2015}
}

@article{Lohani_18,
    author = {Sanjaya Lohani and Erin M. Knutson and Matthew O'Donnell and Sean D. Huver and Ryan T. Glasser},
    doi = {10.1364/AO.57.004180},
    journal = {Appl. Opt.},
    month = {May},
    number = {15},
    pages = {4180--4190},
    publisher = {OSA},
    title = {On the use of deep neural networks in optical communications},
    url = {http://ao.osa.org/abstract.cfm?URI = {ao-57-15-4180}},
    volume = {57},
    year = {2018}
}

@article{Lohani_turbo_18,
    author = {Sanjaya Lohani and Ryan T. Glasser},
    doi = {10.1364/OL.43.002611},
    journal = {Opt. Lett.},
    month = {Jun},
    number = {11},
    pages = {2611--2614},
    publisher = {OSA},
    title = {Turbulence correction with artificial neural networks},
    url = {http://ol.osa.org/abstract.cfm?URI = {ol-43-11-2611}},
    volume = {43},
    year = {2018}
}

@article{lohSpinCoherent,
    author = {Y. L. Loh and M. Kim},
    doi = {10.1007/s00453-002-0980-7},
    journal = {American Journal of Physics},
    number = {30},
    pages = {30--},
    title = {Visualizing spin states using the spin coherent state representation},
    volume = {83},
    year = {2015}
}

@article{lovett2009universal,
    author = {Lovett, Neil B and Cooper, Sally and Everitt, Matthew and Trevers, Matthew and Kendon, Viv},
    doi = {10.1103/physreva.81.042330},
    issn = {1050-2947},
    journal = {Phys. Rev. A },
    month = {9},
    number = {4},
    title = {Universal quantum computation using the discrete time quantum walk},
    url = {http://dx.doi.org/10.1103/physreva.81.042330},
    volume = {81},
    year = {2009}
}

@article{lovett2010universal,
    author = {Neil B. Lovett and Sally Cooper and Matthew Everitt and Matthew Trevers and Viv Kendon},
    doi = {10.1103/PhysRevA.81.042330},
    journal = {Phys. Rev. A },
    number = {4},
    pages = {042330},
    title = {Universal quantum computation using the discrete-time quantum walk},
    volume = {81},
    year = {2010}
}

@article{Lu,
    author = {Fake Lu and Wei Zheng and Zhiwei Huang},
    doi = {10.1364/OL.34.001870},
    journal = {Opt. Lett.},
    month = {Jun},
    number = {12},
    pages = {1870--1872},
    publisher = {OSA},
    title = {Coherent anti-Stokes Raman scattering microscopy using tightly focused radially polarized light},
    url = {http://ol.osa.org/abstract.cfm?URI = {ol-34-12-1870}},
    volume = {34},
    year = {2009}
}

@article{lumino2018,
    author = {Lumino, Alessandro and Polino, Emanuele and Rab, Adil S and Milani, Giorgio and Spagnolo, Nicol{\`o} and Wiebe, Nathan and Sciarrino, Fabio},
    journal = {Phys. Rev. Applied},
    number = {4},
    pages = {044033},
    publisher = {APS},
    title = {Experimental phase estimation enhanced by machine learning},
    url = {https://journals.aps.org/prapplied/abstract/10.1103/PhysRevApplied.10.044033},
    volume = {10},
    year = {2018}
}

@article{Lvovsky2009,
    author = {Lvovsky, A. I. and Sanders, B. C. and Tittel, W.},
    journal = {Nat. Photon.},
    note = {and references therein},
    pages = {706},
    title = {Optical quantum memory},
    url = {https://doi.org/10.1038/nphoton.2009.231},
    volume = {3},
    year = {2009}
}

@article{macarone2019experimental,
    author = {Macarone Palmieri, Adriano and Kovlakov, Egor and Bianchi, Federico and Yudin, Dmitry and Straupe, Stanislav and Biamonte, Jacob and Kulik, Sergei},
    journal = {arXiv:1904.05902},
    title = {Experimental neural network enhanced quantum tomography},
    url = {https://arxiv.org/abs/1904.05902},
    year = {2019}
}

@article{mair2001entanglement,
    author = {Mair, Alois and Vaziri, Alipasha and Weihs, Gregor and Zeilinger, Anton},
    journal = {Nature},
    number = {6844},
    pages = {313--316},
    publisher = {Nature Publishing Group},
    title = {Entanglement of the orbital angular momentum states of photons},
    volume = {412},
    year = {2001}
}

@article{mair2001entanglement,
    author = {Mair, Alois and Vaziri, Alipasha and Weihs, Gregor and Zeilinger, Anton},
    doi = {10.1038/35085529},
    issn = {0028-0836},
    journal = {Nature},
    month = {1},
    number = {6844},
    pages = {313--316},
    pmid = {11460157},
    title = {Entanglement of the orbital angular momentum states of photons},
    url = {http://dx.doi.org/10.1038/35085529},
    volume = {412},
    year = {2001}
}

@article{majury2016robust,
    author = {H. Majury and J. Boutari and E. {O'Sullivan} and A. Ferraro and M. Paternostro},
    doi = {10.1140/epjqt/s40507-017-0065-9},
    journal = {EPJ Quant. Tech.},
    pages = {1},
    title = {Robust quantum state engineering through coherent localization in biased-coin quantum walks},
    volume = {5},
    year = {2018}
}

@article{Malik2016,
    author = {Malik, Mehul
and Erhard, Manuel
and Huber, Marcus
and Krenn, Mario
and Fickler, Robert
and Zeilinger, Anton},
    doi = {10.1038/nphoton.2016.12},
    journal = {Nature Photonics},
    pages = {248},
    title = {Multi-photon entanglement in high dimensions},
    volume = {10},
    year = {2016}
}

@book{Manouchehri2014,
    address = {Berlin, Heidelberg},
    author = {Manouchehri, Kia and Wang, Jingbo},
    doi = {10.1007/978-3-642-36014-5},
    isbn = {978-3-642-36013-8},
    publisher = {Springer Berlin Heidelberg},
    title = {Physical Implementation of Quantum Walks},
    url = {http://link.springer.com/10.1007/978-3-642-36014-5},
    year = {2014}
}

@book{manouchehri2014physical,
    author = {Manouchehri, Kia and Wang, Jingbo},
    doi = {10.1007/978-3-642-36014-5},
    isbn = {9783642360138},
    title = {Physical Implementation of Quantum Walks},
    url = {http://dx.doi.org/10.1007/978-3-642-36014-5},
    year = {2014}
}

@article{marrucci-2006spin-to-orbital,
    author = {{L. Marrucci}, C. Manzo, D. Paparo},
    doi = {10.1103/PhysRevLett.96.163905},
    journal = {Phys. Rev. Lett. },
    pages = {163905},
    title = {Optical spin-to-orbital angular momentum conversion in inhomogeneous anisotropic media.},
    volume = {96},
    year = {2006}
}

@article{marrucci2006optical,
    author = {Marrucci, L. and Manzo, C. and Paparo, D.},
    doi = {10.1103/physrevlett.96.163905},
    issn = {1079-7114},
    journal = {Phys. Rev. Lett. },
    month = {6},
    number = {16},
    pages = {163905},
    pmid = {16712234},
    title = {Optical Spin-to-Orbital Angular Momentum Conversion in Inhomogeneous Anisotropic Media},
    url = {http://dx.doi.org/10.1103/physrevlett.96.163905},
    volume = {96},
    year = {2006}
}

@article{Marrucci2011Rev,
    author = {Lorenzo Marrucci and Ebrahim Karimi and Sergei Slussarenko and Bruno Piccirillo and Enrico Santamato and Eleonora Nagali and Fabio Sciarrino},
    doi = {10.1088/2040-8978/13/6/064001},
    journal = {J. Opt},
    pages = {064001},
    title = {Spin-to-orbital conversion of the angular momentum of light and its classical and quantum applications},
    volume = {13},
    year = {2011}
}

@article{MATSUGU2003555,
    author = {"Masakazu Matsugu and Katsuhiko Mori and Yusuke Mitari and Yuji Kaneda"},
    issn = {"0893-6080"},
    journal = {"Neural Networks"},
    note = {"Advances in Neural Networks Research: IJCNN '03"},
    number = {"5"},
    pages = {"555 - 559"},
    title = {"Subject independent facial expression recognition with robust face detection using a convolutional neural network"},
    url = {https://doi.org/10.1016/S0893-6080(03)00115-1},
    volume = {"16"},
    year = {"2003"}
}

@article{Maurer2007,
    author = { Maurer, C and Jesacher, A and Fürhapter, S and Bernet, S and Ritsch-Marte, M},
    journal = {New J. Phys.},
    number = {3},
    pages = {78},
    title = {Tailoring of arbitrary optical vector beams},
    url = {http://stacks.iop.org/1367-2630/9/i = {3/a = {078}}},
    volume = {9},
    year = {2007}
}

@article{mclaren2012entangled,
    author = {McLaren, Melanie and Agnew, Megan and Leach, Jonathan and Roux, Filippus S and Padgett, Miles J and Boyd, Robert W and Forbes, Andrew},
    doi = {10.1364/oe.20.023589},
    issn = {1094-4087},
    journal = {Optics express},
    month = {12},
    number = {21},
    pages = {23589--97},
    pmid = {23188323},
    title = {Entangled Bessel-Gaussian beams.},
    url = {http://dx.doi.org/10.1364/oe.20.023589},
    volume = {20},
    year = {2012}
}

@article{Mehul2014_oamSorter,
    author = {Malik, Mehul
and Mirhosseini, Mohammad
and Lavery, Martin P. J.
and Leach, Jonathan
abd Padgett, Miles J.
and Boyd, Robert W.},
    issue = {3115},
    journal = {Nature Communications},
    title = {Direct measurement of a 27-dimensional orbital-angular-momentum state vector},
    url = {https://doi.org/10.1038/ncomms4115},
    volume = {5},
    year = {2014}
}

@article{Meinert2014,
    author = {Meinert, F. and Mark, M. J. and Kirilov, E. and Lauber, K. and Weinmann, P. and Grobner, M. and Daley, A. J. and Nagerl, H.-C. and Ismail, N. and W{\"{o}}rhoff, K. and Bromberg, Y. and Silberberg, Y. and Thompson, M. G. and OBrien, J. L.},
    doi = {10.1126/science.1248402},
    issn = {0036-8075},
    journal = {Science},
    month = {jun},
    number = {6189},
    pages = {1259--1262},
    pmid = {24926015},
    publisher = {American Association for the Advancement of Science},
    title = {Observation of many-body dynamics in long-range tunneling after a quantum quench},
    url = {http://www.sciencemag.org/cgi/doi/10.1126/science.1248402},
    volume = {344},
    year = {2014}
}

@article{melnikov,
    author = {Melnikov, Alexey A and Nautrup, Hendrik Poulsen and Krenn, Mario and Dunjko, Vedran and Tiersch, Markus and Zeilinger, Anton and Briegel, Hans J},
    journal = {Proc. Nat. Acad. Sci. USA},
    number = {6},
    pages = {1221--1226},
    publisher = {National Acad Sciences},
    title = {Active learning machine learns to create new quantum experiments},
    url = {https://www.pnas.org/content/115/6/1221.short},
    volume = {115},
    year = {2018}
}

@article{Michael2016,
    author = {Michael, Marios H. and Silveri, Matti and Brierley, R. T. T. and Albert, Victor V. and Salmilehto, Juha and Jiang, Liang and Girvin, S. M. M.},
    doi = {10.1103/PhysRevX.6.031006},
    isbn = {2160-3308},
    issn = {21603308},
    journal = {Physical Review X},
    month = {jan},
    number = {3},
    pages = {031006},
    publisher = {American Physical Society},
    title = {New class of quantum error-correcting codes for a bosonic mode},
    url = {http://arxiv.org/abs/1602.00008 http://dx.doi.org/10.1103/PhysRevX.6.031006 https://link.aps.org/doi/10.1103/PhysRevX.6.031006},
    volume = {6},
    year = {2016}
}

@article{Miles,
    author = {"Miles Padgett and Johannes Courtial and Les Allen"},
    doi = {" 10.1063/1.1768672"},
    issn = {"0030-4018"},
    journal = {"Physics Today"},
    number = {"5"},
    pages = {"35"},
    title = {"Light’s Orbital Angular Momentum"},
    url = {" https://doi.org/10.1063/1.1768672"},
    volume = {"57"},
    year = {"2004"}
}

@article{Milione:15,
    author = {Giovanni Milione and Martin P. J. Lavery and Hao Huang and Yongxiong Ren and Guodong Xie and Thien An Nguyen and Ebrahim Karimi and Lorenzo Marrucci and Daniel A. Nolan and Robert R. Alfano and Alan E. Willner},
    doi = {10.1364/OL.40.001980},
    journal = {Opt. Lett.},
    month = {May},
    number = {9},
    pages = {1980--1983},
    publisher = {OSA},
    title = {4 \&\#xD7; 20\&\#x2009;\&\#x2009;Gbit/s mode division multiplexing over free space using vector modes and a q-plate mode (de)multiplexer},
    url = {http://ol.osa.org/abstract.cfm?URI = {ol-40-9-1980}},
    volume = {40},
    year = {2015}
}

@article{milione_poinc_sphere_2011,
    author = {Milione, Giovanni and Sztul, H. I. and Nolan, D. A. and Alfano, R. R.},
    doi = {10.1103/PhysRevLett.107.053601},
    issue = {5},
    journal = {Phys. Rev. Lett.},
    month = {Jul},
    numpages = {4},
    pages = {053601},
    publisher = {American Physical Society},
    title = {Higher-Order Poincar\'e Sphere, Stokes Parameters, and the Angular Momentum of Light},
    url = {https://link.aps.org/doi/10.1103/PhysRevLett.107.053601},
    volume = {107},
    year = {2011}
}

@article{Mirhosseini_2015,
    author = {Mohammad Mirhosseini and Omar S Maga{\~{n}}a-Loaiza and Malcolm N O'Sullivan and Brandon Rodenburg and Mehul Malik and Martin P J Lavery and Miles J Padgett and Daniel J Gauthier and Robert W Boyd},
    doi = {10.1088/1367-2630/17/3/033033},
    journal = {New Journal of Physics},
    month = {mar},
    number = {3},
    pages = {033033},
    publisher = {{IOP} Publishing},
    title = {High-dimensional quantum cryptography with twisted light},
    url = {https://doi.org/10.1088%2F1367-2630%2F17%2F3%2F033033},
    volume = {17},
    year = {2015}
}

@article{monroe_Cat_1996,
    author = {C. Monroe and D. M. Meekhof and B. E. King and D. J. Wineland},
    doi = {10.1126/science.272.5265.1131},
    journal = {Science},
    number = {5265},
    pages = {1131-1136},
    title = {A "Schr{\"o}dinger Cat" Superposition State of an Atom},
    volume = {272},
    year = {24 May 1996}
}

@article{montero2013unidirectional,
    author = {Montero, Miquel},
    doi = {10.1103/physreva.88.012333},
    issn = {2469-9934},
    journal = {Phys. Rev. A },
    number = {1},
    pages = {012333},
    title = {Unidirectional quantum walks: Evolution and exit times},
    url = {http://dx.doi.org/10.1103/physreva.88.012333},
    volume = {88},
    year = {2013}
}

@article{montero2015classicallike,
    author = {Montero, Miquel},
    doi = {10.1103/physreva.93.062316},
    issn = {2469-9926},
    journal = {Phys. Rev. A },
    number = {6},
    title = {Classical-like behavior in quantum walks with inhomogeneous, time-dependent coin operators},
    url = {http://dx.doi.org/10.1103/physreva.93.062316},
    volume = {93},
    year = {2015}
}

@article{montero2015quantum,
    author = {Montero, Miquel},
    doi = {10.1007/s11128-014-0908-6},
    issn = {1570-0755},
    journal = {Quantum Information Processing},
    number = {3},
    pages = {839--866},
    title = {Quantum walk with a general coin: exact solution and asymptotic properties},
    url = {http://dx.doi.org/10.1007/s11128-014-0908-6},
    volume = {14},
    year = {2015}
}

@article{montero2016quantum,
    author = {Montero, Miquel},
    doi = {10.1103/physreva.95.062326},
    title = {Quantum and random walks as universal generators of probability distributions},
    url = {http://dx.doi.org/10.1103/physreva.95.062326},
    year = {2016}
}

@book{montero2016research,
    author = {Montero, Miquel},
    doi = {10.5772/62872},
    isbn = {9789535124856},
    title = {Research Advances in Quantum Dynamics},
    url = {http://dx.doi.org/10.5772/62872},
    year = {2016}
}

@article{mower2013highdimensional,
    author = {Mower, Jacob and Zhang, Zheshen and Desjardins, Pierre and Lee, Catherine and Shapiro, Jeffrey H. and Englund, Dirk},
    doi = {10.1103/physreva.87.062322},
    issn = {2469-9934},
    journal = {Phys. Rev. A },
    number = {6},
    pages = {062322},
    title = {High-dimensional quantum key distribution using dispersive optics},
    url = {http://dx.doi.org/10.1103/physreva.87.062322},
    volume = {87},
    year = {2013}
}

@article{Munro2002,
    author = {Thew, R. T. and Nemoto, K. and White, A. G. and Munro, W. J.},
    doi = {10.1103/PhysRevA.66.012303},
    issue = {1},
    journal = {Phys. Rev. A},
    month = {Jul},
    numpages = {6},
    pages = {012303},
    publisher = {American Physical Society},
    title = {Qudit quantum-state tomography},
    url = {https://link.aps.org/doi/10.1103/PhysRevA.66.012303},
    volume = {66},
    year = {2002}
}

@book{murphy2012machine,
    author = {Murphy, Kevin P},
    publisher = {MIT press},
    title = {Machine learning: a probabilistic perspective},
    year = {2012}
}

@article{muthurishnan2000,
    author = {A. Muthukrishnan and C. R. Stroud, Jr.},
    doi = {10.1103/PhysRevA.62.052309},
    journal = {Phys. Rev. A},
    pages = {052309},
    title = {Multivalued logic gates for quantum computation},
    volume = {62},
    year = {2000}
}

@article{nayak2000quantum,
    archivePrefix = {arXiv},
    author = {Nayak, Ashwin and Vishwanath, Ashvin},
    eprint = {quant-ph/0010117},
    title = {Quantum Walk on the Line},
    year = {2000}
}

@article{Ndagano:18,
    author = {Bienvenu Ndagano and Isaac Nape and Mitchell A. Cox and Carmelo Rosales-Guzman and Andrew Forbes},
    journal = {J. Lightwave Technol.},
    month = {Jan},
    number = {2},
    pages = {292--301},
    publisher = {OSA},
    title = {Creation and Detection of Vector Vortex Modes for Classical and Quantum Communication},
    url = {http://jlt.osa.org/abstract.cfm?URI = {jlt-36-2-292}},
    volume = {36},
    year = {2018}
}

@article{Neeley2009,
    author = {Neeley, Matthew and Ansmann, Markus and Bialczak, Radoslaw C and Hofheinz, Max and Lucero, Erik and O'Connell, Aaron D and Sank, Daniel and Wang, Haohua and Wenner, James and Cleland, Andrew N and Geller, Michael R and Martinis, John M},
    journal = {Science},
    number = {5941},
    pages = {722--5},
    title = {Emulation of a quantum spin with a superconducting phase qudit.},
    volume = {325},
    year = {2009}
}

@article{nesterov_2000,
    author = {A V Nesterov and V G Niziev},
    journal = {J. Phys. D: App. Phys.},
    number = {15},
    pages = {1817},
    title = {Laser beams with axially symmetric polarization},
    url = {http://stacks.iop.org/0022-3727/33/i = {15/a = {310}}},
    volume = {33},
    year = {2000}
}

@article{Ng,
    author = {Ng, Jack and Lin, Zhifang and Chan, C. T.},
    doi = {10.1103/PhysRevLett.104.103601},
    issue = {10},
    journal = {Phys. Rev. Lett.},
    month = {Mar},
    numpages = {4},
    pages = {103601},
    publisher = {American Physical Society},
    title = {Theory of Optical Trapping by an Optical Vortex Beam},
    url = {https://link.aps.org/doi/10.1103/PhysRevLett.104.103601},
    volume = {104},
    year = {2010}
}

@article{nunn2013largealphabet,
    author = {Nunn, J and Wright, L J and S{\"o}ller, C and Zhang, L and Walmsley, I A and Smith, B J},
    doi = {10.1364/oe.21.015959},
    issn = {1094-4087},
    journal = {Optics Express},
    number = {13},
    pages = {15959},
    pmid = {23842382},
    title = {Large-alphabet time-frequency entangled quantum key distribution by means of time-to-frequency conversion},
    url = {http://dx.doi.org/10.1364/oe.21.015959},
    volume = {21},
    year = {2013}
}

@article{oamchip,
    author = {Chen, Yuan and Gao, Jun and Jiao, Zhi-Qiang and Sun, Ke and Shen, Wei-Guan and Qiao, Lu-Feng and Tang, Hao and Lin, Xiao-Feng and Jin, Xian-Min},
    doi = {10.1103/PhysRevLett.121.233602},
    journal = {Physical Review Letters},
    number = {23},
    pages = {233602},
    publisher = {APS},
    title = {Mapping Twisted Light into and out of a Photonic Chip},
    volume = {121},
    year = {2018}
}

@article{osullivanhale2005pixel,
    author = {O'Sullivan-Hale, Malcolm N and Khan, Irfan Ali and Boyd, Robert W and Howell, John C},
    doi = {10.1103/physrevlett.94.220501},
    issn = {0031-9007},
    journal = {Phys. Rev. Lett. },
    month = {5},
    number = {22},
    pages = {220501},
    pmid = {16090374},
    title = {Pixel Entanglement: Experimental Realization of Optically Entangledd = {3andd = {6Qudits}}},
    url = {http://dx.doi.org/10.1103/physrevlett.94.220501},
    volume = {94},
    year = {2005}
}

@article{oszmaniec2016creating,
    author = {Oszmaniec, Micha{\l} and Grudka, Andrzej and Horodecki, Micha{\l} and W{\'o}jcik, Antoni},
    doi = {10.1103/physrevlett.116.110403},
    issn = {0031-9007},
    journal = {Phys. Rev. Lett. },
    number = {11},
    pages = {110403},
    pmid = {27035290},
    title = {Creating a Superposition of Unknown Quantum States},
    url = {http://dx.doi.org/10.1103/physrevlett.116.110403},
    volume = {116},
    year = {2016}
}

@article{owens2011elliptical,
    author = {J. O. Owens and M. A. Broome and D. N. Biggerstaff and M. E. Goggin and A. Fedrizzi and T. Linjordet and M. Ams and G. D. Marshall and J. Twamley and M. J. Withford and A. G. White},
    doi = {10.1088/1367-2630/13/7/075003},
    journal = {New Journal of Physics},
    pages = {075003},
    title = {Two-photon quantum walks in an elliptical direct-write waveguide array},
    volume = {13},
    year = {2011}
}

@article{owens2011twophoton,
    author = {Owens, J O and Broome, M A and Biggerstaff, D N and Goggin, M E and Fedrizzi, A and Linjordet, T and Ams, M and Marshall, G D and Twamley, J and Withford, M J and White, A G},
    doi = {10.1088/1367-2630/13/7/075003},
    issn = {1367-2630},
    journal = {New Journal of Physics},
    month = {11},
    number = {7},
    pages = {075003},
    title = {Two-photon quantum walks in an elliptical direct-write waveguide array},
    url = {http://dx.doi.org/10.1088/1367-2630/13/7/075003},
    volume = {13},
    year = {2011}
}

@article{padgett2004light,
    author = {Padgett, Miles and Courtial, Johannes and Allen, Les},
    doi = {10.1063/1.1768672},
    journal = {Physics Today},
    number = {5},
    pages = {35--40},
    publisher = {American Institute of Physics},
    title = {Light's orbital angular momentum},
    volume = {57},
    year = {2004}
}

@article{paesani2018,
    author = {J. Wang and S. Paesani and Y. Ding and R. Santagati and P. Skrzypczyk and A. Salavrakos and J. Tura and R. Augusiak and L. Man{\v c}inska and D. Bacco and D. Bonneau and J. W. Silverstone and Q. Gong and A. Ac{\'\i}n and K. Rottwitt and L. K. Oxenl{\o}we and J. L. O'Brien and A. Laing and M. G. Thompson},
    journal = {Science},
    pages = {285},
    title = {Multidimensional quantum entanglement with large-scale integrated optics},
    url = {https://doi.org/10.1126/science.aar7053},
    volume = {360},
    year = {2018}
}

@book{Paris2004,
    author = {Paris, Matteo G. A. and \v{R}eh\'{a}\v{c}ek, Jaroslav},
    doi = {10.1007/b98673},
    publisher = {Lecture Notes in Physics, vol. 649,  SPRINGER},
    title = {Quantum State Estimation},
    year = {2004}
}

@article{Park_18,
    author = {Se Rim Park and Liam Cattell and Jonathan M. Nichols and Abbie Watnik and Timothy Doster and Gustavo K Rohde},
    doi = {10.1364/OE.26.004004},
    journal = {Opt. Express},
    month = {Feb},
    number = {4},
    pages = {4004--4022},
    publisher = {OSA},
    title = {De-multiplexing vortex modes in optical communications using transport-based pattern recognition},
    url = {http://www.opticsexpress.org/abstract.cfm?URI = {oe-26-4-4004}},
    volume = {26},
    year = {2018}
}

@article{patel2016a,
    author = {Patel, Raj B. and Ho, Joseph and Ferreyrol, Franck and Ralph, Timothy C. and Pryde, Geoff J.},
    doi = {10.1126/sciadv.1501531},
    issn = {2375-2548},
    journal = {Science Advances},
    number = {3},
    pages = {e1501531},
    pmid = {27051868},
    title = {A quantum Fredkin gate},
    url = {http://dx.doi.org/10.1126/sciadv.1501531},
    volume = {2},
    year = {2016}
}

@article{Paternostro2003,
    author = { M.   Paternostro  and  M. S.   Kim  and  G. M.   Palma },
    journal = {J.  Mod. Opt.},
    pages = {2075-2094},
    title = {Non-local quantum gates: A cavity-quantum-electrodynamics implementation},
    url = {https://www.tandfonline.com/doi/abs/10.1080/09500340308235259},
    volume = {50},
    year = {2003}
}

@article{Paternostro2004,
    author = {Paternostro, M. and Son, W. and Kim, M. S.},
    issue = {19},
    journal = {Phys. Rev. Lett.},
    numpages = {4},
    pages = {197901},
    title = {Complete Conditions for Entanglement Transfer},
    url = {https://link.aps.org/doi/10.1103/PhysRevLett.92.197901},
    volume = {92},
    year = {2004}
}

@article{Perets2008,
    author = {Perets, Hagai B. and Lahini, Yoav and Pozzi, Francesca and Sorel, Marc and Morandotti, Roberto and Silberberg, Yaron},
    doi = {10.1103/PhysRevLett.100.170506},
    issn = {0031-9007},
    journal = {Phys. Rev. Lett. },
    month = {may},
    number = {17},
    pages = {170506},
    publisher = {American Physical Society},
    title = {Realization of Quantum Walks with Negligible Decoherence in Waveguide Lattices},
    url = {https://link.aps.org/doi/10.1103/PhysRevLett.100.170506},
    volume = {100},
    year = {2008}
}

@article{perets2008quantum,
    author = {Hagai B. Perets and Yoav Lahini and Francesca Pozzi and Marc Sorel and Roberto Morandotti and Yaron Silberberg},
    doi = {10.1103/PhysRevLett.100.170506},
    journal = {Phys. Rev. Lett. },
    pages = {170506},
    title = {Realization of Quantum Walks with Negligible Decoherence in Waveguide Lattices},
    volume = {100},
    year = {2008}
}

@article{perets2008realization,
    author = {Perets, Hagai B. and Lahini, Yoav and Pozzi, Francesca and Sorel, Marc and Morandotti, Roberto and Silberberg, Yaron},
    doi = {10.1103/physrevlett.100.170506},
    issn = {1079-7114},
    journal = {Phys. Rev. Lett. },
    month = {8},
    number = {17},
    pages = {170506},
    pmid = {18518267},
    title = {Realization of Quantum Walks with Negligible Decoherence in Waveguide Lattices},
    url = {http://dx.doi.org/10.1103/physrevlett.100.170506},
    volume = {100},
    year = {2008}
}

@article{Peruzzo2010,
    author = {Peruzzo, Alberto and Lobino, Mirko and Matthews, Jonathan C F and Matsuda, Nobuyuki and Politi, Alberto and Poulios, Konstantinos and Zhou, Xiao-Qi and Lahini, Yoav and Ismail, Nur and W{\"{o}}rhoff, Kerstin and Bromberg, Yaron and Silberberg, Yaron and Thompson, Mark G and {O'Brien}, Jeremy L},
    doi = {10.1126/science.1193515},
    issn = {1095-9203},
    journal = {Science  },
    month = {sep},
    number = {5998},
    pages = {1500--3},
    pmid = {20847264},
    publisher = {American Association for the Advancement of Science},
    title = {Quantum walks of correlated photons.},
    url = {http://www.ncbi.nlm.nih.gov/pubmed/20847264},
    volume = {329},
    year = {2010}
}

@article{peruzzo2010quantum,
    author = {Alberto Peruzzo and Mirko Lobino and Jonathan C. F. Matthews and Nobuyuki Matsuda and Alberto Politi and Konstantinos Poulios and {X.-Q.} Zhou and Yoav Lahini and Nur Ismail and Kerstin W\"{o}rhoff, K and Yaron Bromberg and Yaron Silberberg and Mark G. Thompson and Jeremy L. {O'Brien}},
    doi = {10.1126/science.1193515},
    journal = {Science},
    number = {5998},
    pages = {1500-1503},
    pmid = {20847264},
    title = {Quantum Walks of Correlated Photons},
    volume = {329},
    year = {2010}
}

@article{peruzzo2010quantum,
    author = {Peruzzo, Alberto and Lobino, Mirko and Matthews, Jonathan C. F. and Matsuda, Nobuyuki and Politi, Alberto and Poulios, Konstantinos and Zhou, Xiao-Qi and Lahini, Yoav and Ismail, Nur and W{\"o}rhoff, Kerstin and Bromberg, Yaron and Silberberg, Yaron and Thompson, Mark G. and {O'Brien}, Jeremy L.},
    doi = {10.1126/science.1193515},
    issn = {0036-8075},
    journal = {Science},
    month = {10},
    number = {5998},
    pages = {1500--1503},
    pmid = {20847264},
    title = {Quantum Walks of Correlated Photons},
    url = {http://dx.doi.org/10.1126/science.1193515},
    volume = {329},
    year = {2010}
}

@article{pitsios2016photonic,
    archivePrefix = {arXiv},
    author = {Pitsios, Ioannis and Banchi, Leonardo and Rab, Adil S. and Bentivegna, Marco and Caprara, Debora and Crespi, Andrea and Spagnolo, Nicol{\`o} and Bose, Sougato and Mataloni, Paolo and Osellame, Roberto and Sciarrino, Fabio},
    doi = {10.1038/s41467-017-01589-y},
    eprint = {1603.02669},
    issn = {2041-1723},
    journal = {Nature Communications},
    number = {1},
    pages = {1569},
    pmid = {29146982},
    primaryClass = {quant-ph},
    publisher = {Nature Communications},
    title = {Photonic simulation of entanglement growth and engineering after a spin chain quench},
    url = {http://dx.doi.org/10.1038/s41467-017-01589-y},
    volume = {8},
    year = {2017}
}

@article{poulios2014quantum,
    author = {Konstantinos Poulios and Robert Keil and Daniel Fry and Jasmin D. A. Meinecke and Jonathan C. F. Matthews and Alberto Politi and Mirko Lobino and Markus Gr\"{a}fe and Matthias Heinrich and Stefan Nolte and Alexander Szameit and Jeremy L. {O'Brien}},
    doi = {10.1103/PhysRevLett.112.143604},
    journal = {Phys. Rev. Lett. },
    pages = {143604},
    title = {Quantum Walks of Correlated Photon Pairs in Two-Dimensional Waveguide Arrays},
    volume = {112},
    year = {2014}
}

@article{poulios2014quantum,
    author = {Poulios, Konstantinos and Keil, Robert and Fry, Daniel and Meinecke, Jasmin D. A. and Matthews, Jonathan C. F. and Politi, Alberto and Lobino, Mirko and Gr{\"a}fe, Markus and Heinrich, Matthias and Nolte, Stefan and Szameit, Alexander and O'Brien, Jeremy L.},
    doi = {10.1103/physrevlett.112.143604},
    issn = {1079-7114},
    journal = {Phys. Rev. Lett. },
    number = {14},
    pages = {143604},
    pmid = {24765962},
    title = {Quantum Walks of Correlated Photon Pairs in Two-Dimensional Waveguide Arrays},
    url = {http://dx.doi.org/10.1103/physrevlett.112.143604},
    volume = {112},
    year = {2014}
}

@article{preiss2015strongly,
    author = {Philip M. Preiss and Ruichao Ma and Eric M. Tai and Alexander Lukin and Matthew Rispoli and Philip Zupancic and Yoav Lahini and Rajibu Islam and Markus Greiner},
    doi = {10.1126/science.1260364},
    journal = {Science},
    number = {6227},
    pages = {1229-1233},
    pmid = {25766229},
    title = {Strongly correlated quantum walks in optical lattices},
    volume = {347},
    year = {2015}
}

@article{preiss2015strongly,
    author = {Preiss, Philipp M. and Ma, Ruichao and Tai, M. Eric and Lukin, Alexander and Rispoli, Matthew and Zupancic, Philip and Lahini, Yoav and Islam, Rajibul and Greiner, Markus},
    doi = {10.1126/science.1260364},
    issn = {0036-8075},
    journal = {Science},
    number = {6227},
    pages = {1229--1233},
    pmid = {25766229},
    title = {Strongly correlated quantum walks in optical lattices},
    url = {http://dx.doi.org/10.1126/science.1260364},
    volume = {347},
    year = {2015}
}

@article{Qassim2014,
    author = {Hammam Qassim and Filippo M. Miatto and Juan P. Torres and Miles J. Padgett and Ebrahim Karimi and Robert W. Boyd},
    doi = {10.1364/JOSAB.31.000A20},
    journal = {J. Opt. Soc. Am. B},
    month = {Jun},
    number = {6},
    pages = {A20--A23},
    publisher = {OSA},
    title = {Limitations to the determination of a Laguerre\&\#x2013;Gauss spectrum via projective, phase-flattening measurement},
    url = {http://josab.osa.org/abstract.cfm?URI = {josab-31-6-A20}},
    volume = {31},
    year = {2014}
}

@article{qiang2016efficient,
    author = {Xiaogang Qiang and Thomas Loke and Ashley Montanaro and Kanin Aungskunsiri and Xiaoqi Zhou and Jeremy L. {O'Brien} and Jingbo Wang and Jonathan C. F. Matthews},
    doi = {10.1038/ncomms11511},
    journal = {Nature Communications},
    pages = {11511},
    pmid = {27146471},
    title = {Efficient quantum walk on a quantum processor},
    volume = {7},
    year = {2016}
}

@article{qiang2016efficient,
    author = {Qiang, Xiaogang and Loke, Thomas and Montanaro, Ashley and Aungskunsiri, Kanin and Zhou, Xiaoqi and O'Brien, Jeremy L. and Wang, Jingbo B. and Matthews, Jonathan C. F.},
    doi = {10.1038/ncomms11511},
    issn = {2041-1733},
    journal = {Nature Communications},
    number = {May},
    pages = {11511},
    pmid = {27146471},
    title = {Efficient quantum walk on a quantum processor},
    url = {http://dx.doi.org/10.1038/ncomms11511},
    volume = {7},
    year = {2016}
}

@article{radcliffeSpin,
    author = {J. M. Radcliffe},
    journal = {Journal of Physics A: General Physics},
    number = {3},
    title = {Some properties of coherent spin states},
    volume = {4},
    year = {1972}
}

@article{ralph2007efficient,
    author = {Ralph, T. C. and Resch, K. J. and Gilchrist, A.},
    doi = {10.1103/physreva.75.022313},
    issn = {2469-9934},
    journal = {Phys. Rev. A },
    month = {7},
    number = {2},
    pages = {022313},
    title = {Efficient Toffoli gates using qudits},
    url = {http://dx.doi.org/10.1103/physreva.75.022313},
    volume = {75},
    year = {2007}
}

@article{rem2018identifying,
    author = {Rem, Benno S and K{\"a}ming, Niklas and Tarnowski, Matthias and Asteria, Luca and Fl{\"a}schner, Nick and Becker, Christoph and Sengstock, Klaus and Weitenberg, Christof},
    journal = {arXiv:1809.05519},
    title = {Identifying quantum phase transitions using artificial neural networks on experimental data},
    url = {https://arxiv.org/abs/1811.06654},
    year = {2018}
}

@article{ribeiro2004aperiodic,
    author = {Ribeiro, P. and Milman, P. and Mosseri, R.},
    doi = {10.1103/physrevlett.93.190503},
    issn = {1079-7114},
    journal = {Phys. Rev. Lett. },
    month = {4},
    number = {19},
    pages = {190503},
    pmid = {15600819},
    title = {Aperiodic Quantum Random Walks},
    url = {http://dx.doi.org/10.1103/physrevlett.93.190503},
    volume = {93},
    year = {2004}
}

@article{roadMap,
    author = {Halina Rubinsztein-Dunlop and Andrew Forbes and M. V. Berry and
M. R. Dennis and David L. Andrews and 
Masud Mansuripur and
Cornelia Denz and
Christina Alpmann and
Peter Banzer and
Thomas Bauer and 
Ebrahim Karimi and
Lorenzo Marrucci and Miles Padgett and 
Monika Ritsch-Marte and
Natalia M. Litchinitser and
Nicholas P. Bigelow and 
C. Rosales-Guzmán and
A. Belmonte and J. P. Torres and Tyler W. Neely and
Mark Baker and
Reuven Gordon and Alexander B. Stilgoe and Jacquiline Romero and
Andrew G. White and Robert Fickler and Alan E. Willner and Guodong Xie and
Benjamin McMorran and Andrew M. Weiner},
    doi = {10.1088/2040-8978/19/1/013001},
    journal = {J. Opt.},
    pages = {013001},
    title = {Roadmap on structured light},
    volume = {19},
    year = {2017}
}

@article{rocchetto2019,
    author = {Rocchetto, Andrea and Aaronson, Scott and Severini, Simone and Carvacho, Gonzalo and Poderini, Davide and Agresti, Iris and Bentivegna, Marco and Sciarrino, Fabio},
    journal = {Science Advances},
    number = {3},
    pages = {eaau1946},
    publisher = {American Association for the Advancement of Science},
    title = {Experimental learning of quantum states},
    url = {https://advances.sciencemag.org/content/5/3/eaau1946},
    volume = {5},
    year = {2019}
}

@article{rohde2011multiwalker,
    author = {Rohde, Peter P and Schreiber, Andreas and Štefaňák, Martin and Jex, Igor and Silberhorn, Christine},
    doi = {10.1088/1367-2630/13/1/013001},
    journal = {New Journal of Physics},
    month = {Jan},
    number = {1},
    pages = {013001},
    publisher = {IOP Publishing},
    title = {Multi-walker discrete time quantum walks on arbitrary graphs, their properties and their photonic implementation},
    volume = {13},
    year = {2011}
}



@article{romanelli2009driving,
    author = {A. Romanelli},
    doi = {10.1103/PhysRevA.80.042332},
    journal = {Phys. Rev. A },
    number = {4},
    pages = {042332},
    title = {Driving quantum-walk spreading with the coin operator},
    volume = {80},
    year = {2009}
}

@article{romanelli2009driving,
    author = {Romanelli, A.},
    doi = {10.1103/physreva.80.042332},
    issn = {2469-9934},
    journal = {Phys. Rev. A },
    month = {9},
    number = {4},
    pages = {042332},
    title = {Driving quantum-walk spreading with the coin operator},
    url = {http://dx.doi.org/10.1103/physreva.80.042332},
    volume = {80},
    year = {2009}
}

@article{Rosenblum2018,
    author = {Rosenblum, S. and Gao, Y. Y. and Reinhold, P. and Wang, C. and Axline, C. J. and Frunzio, L. and Girvin, S. M. and Jiang, Liang and Mirrahimi, M. and Devoret, M. H. and Schoelkopf, R. J.},
    journal = {Nature Comm.},
    number = {1},
    pages = {652},
    volume = {9},
    year = {2018}
}

@article{Rossi2009,
    author = {Rossi, Alessandro and Vallone, Giuseppe and Chiuri, Andrea and {De Martini}, Francesco and Mataloni, Paolo},
    doi = {10.1103/PhysRevLett.102.153902},
    issn = {0031-9007},
    journal = {Phys. Rev. Lett. },
    month = {apr},
    number = {15},
    pages = {153902},
    publisher = {American Physical Society},
    title = {Multipath Entanglement of Two Photons},
    url = {https://link.aps.org/doi/10.1103/PhysRevLett.102.153902},
    volume = {102},
    year = {2009}
}

@article{rupp2015,
    author = {Rupp, Matthias},
    journal = {Int. J. Quant. Chem.},
    number = {16},
    pages = {1058--1073},
    publisher = {Wiley Online Library},
    title = {Machine learning for quantum mechanics in a nutshell},
    url = {https://onlinelibrary.wiley.com/doi/full/10.1002/qua.24954},
    volume = {115},
    year = {2015}
}

@article{sansoni2012quantum,
    author = {Linda Sansoni and Fabio Sciarrino and Giuseppe Vallone and Paolo Mataloni and Andrea Crespi and Roberta Ramponi and Roberto Osellame},
    doi = {10.1103/PhysRevLett.108.010502},
    journal = {Phys. Rev. Lett. },
    pages = {010502},
    title = {Two-Particle Bosonic-Fermionic Quantum Walk via Integrated Photonics},
    volume = {108},
    year = {2012}
}

@article{sansoni2012twoparticle,
    author = {Sansoni, Linda and Sciarrino, Fabio and Vallone, Giuseppe and Mataloni, Paolo and Crespi, Andrea and Ramponi, Roberta and Osellame, Roberto},
    doi = {10.1103/physrevlett.108.010502},
    issn = {1079-7114},
    journal = {Phys. Rev. Lett. },
    month = {12},
    number = {1},
    pages = {010502},
    pmid = {22304249},
    title = {Two-Particle Bosonic-Fermionic Quantum Walk via Integrated Photonics},
    url = {http://dx.doi.org/10.1103/physrevlett.108.010502},
    volume = {108},
    year = {2012}
}

@article{Schmitz2009,
    author = {Schmitz, H. and Matjeschk, R. and Schneider, Ch. and Glueckert, J. and Enderlein, M. and Huber, T. and Schaetz, T.},
    doi = {10.1103/PhysRevLett.103.090504},
    issn = {0031-9007},
    journal = {Phys. Rev. Lett. },
    month = {aug},
    number = {9},
    pages = {090504},
    publisher = {American Physical Society},
    title = {Quantum Walk of a Trapped Ion in Phase Space},
    url = {https://link.aps.org/doi/10.1103/PhysRevLett.103.090504},
    volume = {103},
    year = {2009}
}

@article{schmitz2009quantum,
    author = {Schmitz, H. and Matjeschk, R. and Schneider, Ch. and Glueckert, J. and Enderlein, M. and Huber, T. and Schaetz, T.},
    doi = {10.1103/physrevlett.103.090504},
    issn = {1079-7114},
    journal = {Phys. Rev. Lett. },
    month = {9},
    number = {9},
    pages = {090504},
    pmid = {19792773},
    title = {Quantum Walk of a Trapped Ion in Phase Space},
    url = {http://dx.doi.org/10.1103/physrevlett.103.090504},
    volume = {103},
    year = {2009}
}

@article{Schreiber2010,
    author = {Schreiber, A. and Cassemiro, K. N. and Poto{\v{c}}ek, V. and G{\'{a}}bris, A. and Mosley, P. J. and Andersson, E. and Jex, I. and Silberhorn, Ch.},
    doi = {10.1103/PhysRevLett.104.050502},
    issn = {0031-9007},
    journal = {Phys. Rev. Lett. },
    month = {feb},
    number = {5},
    pages = {050502},
    publisher = {American Physical Society},
    title = {Photons Walking the Line: A Quantum Walk with Adjustable Coin Operations},
    url = {https://link.aps.org/doi/10.1103/PhysRevLett.104.050502},
    volume = {104},
    year = {2010}
}

@article{schreiber2010photons,
    author = {A. Schreiber and K. N. Cassemiro and V. Potocek and A. Gabris and P. J. Mosley and E. Andersson and I. Jex and C. Silberhorn},
    doi = {10.1103/PhysRevLett.104.050502},
    journal = {Phys. Rev. Lett. },
    number = {5},
    pages = {050502},
    pmid = {20366754},
    title = {Photons walking the line: A quantum walk with adjustable coin operations},
    volume = {104},
    year = {2010}
}

@article{schreiber2010photons,
    author = {Schreiber, A and Cassemiro, K N and Poto{\v c}ek, V and G{\'a}bris, A and Mosley, P J and Andersson, E and Jex, I and Silberhorn, Ch},
    doi = {10.1103/physrevlett.104.050502},
    issn = {0031-9007},
    journal = {Phys. Rev. Lett. },
    month = {10},
    number = {5},
    pages = {050502},
    pmid = {20366754},
    title = {Photons Walking the Line: A Quantum Walk with Adjustable Coin Operations},
    url = {http://dx.doi.org/10.1103/physrevlett.104.050502},
    volume = {104},
    year = {2010}
}

@article{schreiber2012a,
    author = {Andreas Schreiber and A. Gabris and Peter P. Rohde and Kaisa Laiho and M. Stefanak and V. Potocek and Craig Hamilton and Igor Jex and Christine Silberhorn},
    doi = {10.1126/science.1218448},
    journal = {Science},
    number = {6077},
    pages = {55-58},
    pmid = {22403179},
    title = {A {2D} Quantum Walk Simulation of {Two-Particle} Dynamics},
    volume = {336},
    year = {2012}
}

@article{schreiber2012a,
    author = {Schreiber, Andreas and G{\'a}bris, Aur{\'e}l and Rohde, Peter P. and Laiho, Kaisa and {\v S}tefa{\v n}{\'a}k, Martin and Poto{\v c}ek, V{\'a}clav and Hamilton, Craig and Jex, Igor and Silberhorn, Christine},
    doi = {10.1126/science.1218448},
    issn = {0036-8075},
    journal = {Science},
    month = {12},
    number = {6077},
    pages = {55--58},
    pmid = {22403179},
    title = {A 2D Quantum Walk Simulation of Two-Particle Dynamics},
    url = {http://dx.doi.org/10.1126/science.1218448},
    volume = {336},
    year = {2012}
}

@article{schrodingerCAT,
    author = {E. Schr{\"o}dinger},
    journal = {Naturwissenschaften},
    number = {48},
    pages = {807--812},
    title = {Die gegenw{\"a}rtige Situation in der Quantenmechanik},
    volume = {23},
    year = {1935}
}

@article{Schuld2015,
    author = {Schuld, Maria and Sinayskiy, Ilya and Petruccione, Francesco},
    doi = {10.1080/00107514.2014.964942},
    issn = {0010-7514},
    journal = {Contemporary Physics},
    month = {apr},
    number = {2},
    pages = {172--185},
    title = {An introduction to quantum machine learning},
    url = {http://www.tandfonline.com/doi/full/10.1080/00107514.2014.964942},
    volume = {56},
    year = {2015}
}

@article{schwartz2007anderson,
    author = {Tal Schwartz and Guy Bartal and Shmuel Fishman and Mordechai Segev},
    doi = {10.1038/nature05623},
    journal = {Nature},
    pages = {52-55},
    title = {Transport and Anderson localization in disordered two-dimensional photonic lattices},
    volume = {446},
    year = {2007}
}

@article{schwartz2007transport,
    author = {Schwartz, Tal and Bartal, Guy and Fishman, Shmuel and Segev, Mordechai},
    doi = {10.1038/nature05623},
    issn = {0028-0836},
    journal = {Nature},
    month = {7},
    number = {7131},
    pages = {52--55},
    pmid = {17330037},
    title = {Transport and Anderson localization in disordered two-dimensional photonic lattices},
    url = {http://dx.doi.org/10.1038/nature05623},
    volume = {446},
    year = {2007}
}

@article{seif2018machine,
    author = {Seif, Alireza and Landsman, Kevin A and Linke, Norbert M and Figgatt, Caroline and Monroe, Christopher and Hafezi, Mohammad},
    doi = {10.1088/1361-6455/aad62b},
    journal = {Journal of Physics B: Atomic, Molecular and Optical Physics},
    number = {17},
    pages = {174006},
    publisher = {IOP Publishing},
    title = {Machine learning assisted readout of trapped-ion qubits},
    volume = {51},
    year = {2018}
}

@article{shenvi2003quantum,
    author = {Neil Shenvi and Julia Kempe and Birgitta K Whaley},
    doi = {10.1103/PhysRevA.67.052307},
    issn = {1050-2947},
    journal = {Phys. Rev. A },
    month = {3},
    number = {5},
    pages = {052307},
    title = {Quantum random-walk search algorithm},
    volume = {67},
    year = {2003}
}

@article{shenvi2003quantum,
    author = {Shenvi, Neil and Kempe, Julia and Whaley, K. Birgitta},
    doi = {10.1103/physreva.67.052307},
    issn = {2469-9934},
    journal = {Phys. Rev. A },
    month = {3},
    number = {5},
    pages = {052307},
    title = {Quantum random-walk search algorithm},
    url = {http://dx.doi.org/10.1103/physreva.67.052307},
    volume = {67},
    year = {2003}
}

@article{Sick,
    author = {Sick, B. and Hecht, B. and Novotny, L.},
    doi = {10.1103/PhysRevLett.85.4482},
    issue = {21},
    journal = {Phys. Rev. Lett.},
    month = {Nov},
    numpages = {0},
    pages = {4482--4485},
    publisher = {American Physical Society},
    title = {Orientational Imaging of Single Molecules by Annular Illumination},
    url = {https://link.aps.org/doi/10.1103/PhysRevLett.85.4482},
    volume = {85},
    year = {2000}
}

@inproceedings{Simard2003,
    author = {Patrice Y. Simard and David Steinkraus and John C. Platt},
    booktitle = {ICDAR},
    title = {Best Practices for Convolutional Neural Networks Applied to Visual Document Analysis},
    year = {2003}
}

@article{simonMukunda,
    author = {R.Simon and N.Mukunda},
    doi = {0.1016/0375-9601(90)90732-4},
    journal = {Phys. Lett. A},
    number = {4-5},
    pages = {165-169},
    title = {Minimal three-component SU(2) gadget for polarization optics},
    volume = {143},
    year = {1990}
}

@article{Sit17,
    author = {Alicia Sit and Fr\'{e}d\'{e}ric Bouchard and Robert Fickler and J\'{e}r\'{e}mie Gagnon-Bischoff and Hugo Larocque and Khabat Heshami and Dominique Elser and Christian Peuntinger and Kevin G\"{u}nthner and Bettina Heim and Christoph Marquardt and Gerd Leuchs and Robert W. Boyd and Ebrahim Karimi},
    doi = {10.1364/OPTICA.4.001006},
    journal = {Optica},
    month = {Sep},
    number = {9},
    pages = {1006--1010},
    publisher = {OSA},
    title = {High-dimensional intracity quantum cryptography with structured photons},
    url = {http://www.osapublishing.org/optica/abstract.cfm?URI = {optica-4-9-1006}},
    volume = {4},
    year = {2017}
}

@article{Slussarenko2010_oamSorter,
    author = {S. Slussarenko and V. D'Ambrosio and B. Piccirillo and L. Marrucci and E. Santamato},
    doi = {10.1364/OE.18.027205},
    journal = {Opt. Express},
    month = {Dec},
    number = {26},
    pages = {27205--27216},
    publisher = {OSA},
    title = {The Polarizing Sagnac Interferometer: a tool for light orbital angular momentum sorting and spin-orbit photon processing},
    url = {http://www.opticsexpress.org/abstract.cfm?URI = {oe-18-26-27205}},
    volume = {18},
    year = {2010}
}

@article{steinlechner2017distribution,
    author = {Steinlechner, Fabian and Ecker, Sebastian and Fink, Matthias and Liu, Bo and Bavaresco, Jessica and Huber, Marcus and Scheidl, Thomas and Ursin, Rupert},
    journal = {Nature communications},
    pages = {15971},
    publisher = {Nature Publishing Group},
    title = {Distribution of high-dimensional entanglement via an intra-city free-space link},
    volume = {8},
    year = {2017}
}

@article{swaddle2017generating,
    author = {Swaddle, Michael and Noakes, Lyle and Salter, Liam and Smallbone, Harry and Wang, Jingbo},
    title = {Generating 3 qubit quantum circuits with neural networks},
    year = {2017}
}

@book{szegedy2004quantum,
    author = {Szegedy, Mario},
    doi = {10.1109/focs.2004.53},
    isbn = {9780769522289},
    issn = {0-7695-2228-9},
    journal = {45th Annual IEEE Symposium on Foundations of Computer Science},
    month = {4},
    number = {November 2004},
    pages = {32--41},
    title = {Quantum Speed-up of Markov Chain based Algorithms},
    url = {http://dx.doi.org/10.1109/focs.2004.53},
    year = {2004}
}

@article{giordani2018experimental,
    author = {Giordani, Taira and Flamini, Fulvio and Pompili, Matteo and Viggianiello, Niko and Spagnolo, Nicolò and Crespi, Andrea and Osellame, Roberto and Wiebe, Nathan and Walschaers, Mattia and Buchleitner, Andreas and et al.},
    doi = {10.1038/s41566-018-0097-4},
    journal = {Nature Photonics},
    month = {Feb},
    number = {3},
    pages = {173–178},
    publisher = {Springer Science and Business Media LLC},
    title = {Experimental statistical signature of many-body quantum interference},
    volume = {12},
    year = {2018}
}

@article{thew2004bell,
    author = {Thew, Robert Thomas and Acin, Antonio and Zbinden, Hugo and Gisin, Nicolas},
    journal = {Physical review letters},
    number = {1},
    pages = {010503},
    publisher = {APS},
    title = {Bell-type test of energy-time entangled qutrits},
    volume = {93},
    year = {2004}
}

@article{thew2004belltype,
    author = {Thew, R. T. and Ac{\'\i}n, A. and Zbinden, H. and Gisin, N.},
    doi = {10.1103/physrevlett.93.010503},
    issn = {1079-7114},
    journal = {Phys. Rev. Lett. },
    month = {4},
    number = {1},
    pages = {010503},
    title = {Bell-Type Test of Energy-Time Entangled Qutrits},
    url = {http://dx.doi.org/10.1103/physrevlett.93.010503},
    volume = {93},
    year = {2004}
}

@article{Tidwell:93,
    author = {Steve C. Tidwell and Gerald H. Kim and Wayne D. Kimura},
    doi = {10.1364/AO.32.005222},
    journal = {Appl. Opt.},
    month = {Sep},
    number = {27},
    pages = {5222--5229},
    publisher = {OSA},
    title = {Efficient radially polarized laser beam generation with a double interferometer},
    url = {http://ao.osa.org/abstract.cfm?URI = {ao-32-27-5222}},
    volume = {32},
    year = {1993}
}

@article{tidwell_1990,
    author = {Steve C. Tidwell and Dennis H. Ford and Wayne D. Kimura},
    journal = {Appl. Opt.},
    number = {15},
    pages = {2234},
    title = {Generating radially polarized beams interferometrically},
    url = {https://doi.org/10.1364/AO.29.002234},
    volume = {29},
    year = {1990}
}

@article{torlai2019integrating,
    author = {Torlai, Giacomo and Timar, Brian and van Nieuwenburg, Evert PL and Levine, Harry and Omran, Ahmed and Keesling, Alexander and Bernien, Hannes and Greiner, Markus and Vuleti{\'c}, Vladan and Lukin, Mikhail D and Melko, Roger G and Endres, Manuel},
    journal = {arXiv:1904.08441},
    title = {Integrating Neural Networks with a Quantum Simulator for State Reconstruction},
    url = {https://arxiv.org/abs/1904.08441},
    year = {2019}
}

@article{tregenna2003controlling,
    author = {B. Tregenna and W. Flanagan and R. Maile and V. Kendon},
    doi = {10.1088/1367-2630/5/1/383},
    journal = {New Journal of Physics},
    pages = {83},
    title = {Controlling discrete quantum walks: coins and initial states},
    volume = {5},
    year = {2003}
}

@article{tregenna2003controlling,
    author = {Tregenna, Ben and Flanagan, Will and Maile, Rik and Kendon, Viv},
    doi = {10.1088/1367-2630/5/1/383},
    issn = {1367-2630},
    journal = {New Journal of Physics},
    month = {3},
    number = {1},
    pages = {83},
    title = {Controlling discrete quantum walks: coins and initial states},
    url = {http://dx.doi.org/10.1088/1367-2630/5/1/383},
    volume = {5},
    year = {2003}
}

@article{tulsi2008faster,
    author = {A. Tulsi},
    doi = {10.1103/PhysRevA.78.012310},
    issn = {2469-9934},
    journal = {Phys. Rev. A },
    month = {8},
    pages = {012310},
    title = {Faster quantum-walk algorithm for the two-dimensional spatial search},
    volume = {78},
    year = {2008}
}

@article{tulsi2008faster,
    author = {Tulsi, Avatar},
    doi = {10.1103/physreva.78.012310},
    issn = {2469-9934},
    journal = {Phys. Rev. A },
    month = {8},
    number = {1},
    pages = {012310},
    title = {Faster quantum-walk algorithm for the two-dimensional spatial search},
    url = {http://dx.doi.org/10.1103/physreva.78.012310},
    volume = {78},
    year = {2008}
}

@unpublished{ulyanov_spin1999,
    author = {V. V. Ulyanov and O. B. Zaslavskii},
    doi = {https://arxiv.org/abs/quant-ph/9902058},
    note = {Preprint at arXiv:quant-ph/9902058},
    title = {Spin systems, spin coherent states and quasi-exactly solvable models},
    year = {1999}
}

@article{valencia2020high,
    author = {Valencia, Natalia Herrera and Srivastav, Vatshal and Pivoluska, Matej and Huber, Marcus and Friis, Nicolai and McCutcheon, Will and Malik, Mehul},
    journal = {arXiv preprint arXiv:2004.04994},
    title = {High-Dimensional Pixel Entanglement: Efficient Generation and Certification},
    year = {2020}
}

@article{vallone_qkd_2014,
    author = {Giuseppe Vallone and Vincenzo D’Ambrosio and Anna Sponselli and Sergei Slussarenko and Lorenzo Marrucci and Fabio Sciarrino and Paolo Villoresi},
    doi = {10.1103/PhysRevLett.113.060503},
    journal = {Phys. Rev. Lett.},
    number = {060503},
    pages = {060503},
    title = {Free-Space Quantum Key Distribution by Rotation-Invariant Twisted Photons},
    url = {https://link.aps.org/doi/10.1103/PhysRevLett.113.060503},
    volume = {113},
    year = {2014}
}

@article{VatanMUBS,
    author = {S. Bandyopadhyay and P. O. Boykin and V. Roychowdhury and F. Vatan},
    doi = {10.1007/s00453-002-0980-7},
    journal = {Algorithmica},
    number = {4},
    pages = {512--528},
    title = {A new proof for the existence of mutually unbiased bases},
    volume = {34},
    year = {2002}
}

@article{vedralSpin,
    author = {D. Markham and V. Vedral},
    doi = {10.1103/PhysRevA.67.042113},
    journal = {Phys. Rev. A},
    number = {4},
    pages = {042113},
    title = {Classicality of spin-coherent states via entanglement and distinguishability},
    volume = {67},
    year = {2003}
}

@article{Venegas-Andraca2012,
    author = {Venegas-Andraca, Salvador El{\'{i}}as},
    doi = {10.1007/s11128-012-0432-5},
    issn = {1570-0755},
    journal = {Quantum Information Processing},
    month = {oct},
    number = {5},
    pages = {1015--1106},
    publisher = {Springer US},
    title = {Quantum walks: a comprehensive review},
    url = {http://link.springer.com/10.1007/s11128-012-0432-5},
    volume = {11},
    year = {2012}
}

@article{venegas-andraca2012quantum,
    author = {Salvador E. {Venegas-Andraca}},
    doi = {10.1007/s11128-012-0432-5},
    journal = {Quantum Information Processing},
    number = {5},
    pages = {1015-1106},
    title = {Quantum walks: a comprehensive review},
    volume = {11},
    year = {2012}
}

@article{venegasandraca2012quantum,
    author = {Venegas-Andraca, Salvador},
    doi = {10.1007/s11128-012-0432-5},
    issn = {1570-0755},
    journal = {Quantum Information Processing},
    month = {12},
    number = {5},
    pages = {1015--1106},
    title = {Quantum walks: a comprehensive review},
    url = {http://dx.doi.org/10.1007/s11128-012-0432-5},
    volume = {11},
    year = {2012}
}

@article{Vertesi2010,
    author = {V{\'{e}}rtesi, Tam{\'{a}}s and Pironio, Stefano and Brunner, Nicolas},
    doi = {10.1103/PhysRevLett.104.060401},
    issn = {0031-9007},
    journal = {Phys. Rev. Lett. },
    month = {feb},
    number = {6},
    pages = {060401},
    publisher = {American Physical Society},
    title = {Closing the Detection Loophole in Bell Experiments Using Qudits},
    url = {https://link.aps.org/doi/10.1103/PhysRevLett.104.060401},
    volume = {104},
    year = {2010}
}

@article{vitelli2013,
    author = {C. Vitelli and N. Spagnolo and L. Aparo and F. Sciarrino and E. Santamato and L. Marrucci},
    doi = {10.1038/nphoton.2013.107},
    journal = {Nat. Photon.},
    pages = {521-526},
    title = {Joining the quantum state of two photons into one},
    volume = {7},
    year = {2013}
}

@article{vitelli2013joining,
    author = {Vitelli, Chiara and Spagnolo, Nicol{\`o} and Aparo, Lorenzo and Sciarrino, Fabio and Santamato, Enrico and Marrucci, Lorenzo},
    doi = {10.1038/nphoton.2013.107},
    issn = {1749-4885},
    journal = {Nature Photonics},
    number = {7},
    pages = {521--526},
    title = {Joining the quantum state of two photons into one},
    url = {http://dx.doi.org/10.1038/nphoton.2013.107},
    volume = {7},
    year = {2013}
}

@article{Walborn2006,
    author = {Walborn, S. P. and Lemelle, D. S. and Almeida, M. P. and Ribeiro, P. H. Souto},
    doi = {10.1103/PhysRevLett.96.090501},
    issn = {0031-9007},
    journal = {Phys. Rev. Lett. },
    month = {mar},
    number = {9},
    pages = {090501},
    publisher = {American Physical Society},
    title = {Quantum Key Distribution with Higher-Order Alphabets Using Spatially Encoded Qudits},
    url = {https://link.aps.org/doi/10.1103/PhysRevLett.96.090501},
    volume = {96},
    year = {2006}
}

@article{Wallraff2004,
    author = {Wallraff, A. and Schuster, D. I. and Blais, A. and Frunzio, L.
and Huang, R.- S. and Majer, J. and Kumar, S. and Girvin, S. M. and Schoelkopf, R. J.},
    journal = {Nature (London)},
    pages = {162},
    title = {Strong coupling of a single photon to a superconducting qubit using circuit quantum electrodynamics},
    url = {https://doi.org/10.1038/nature02851},
    volume = {431},
    year = {2004}
}

@article{Wang,
    author = {X-L Wang and X.-D. Cai and Z.-E. Su and M.-C. Chen and D. Wu and L. Li and N.-L. Liu and C.-Y. Lu, and J.-W. Pan},
    doi = {https://doi.org/10.1038/nature14246},
    journal = {Nature},
    pages = {516--519},
    title = {Quantum teleportation of multiple degrees of freedom.},
    volume = {518},
    year = {2015}
}

@article{Wang2007,
    author = {Xi-Lin Wang and Jianping Ding and Wei-Jiang Ni and Cheng-Shan Guo and Hui-Tian Wang},
    doi = {10.1364/OL.32.003549},
    journal = {Opt. Lett.},
    month = {Dec},
    number = {24},
    pages = {3549--3551},
    publisher = {OSA},
    title = {Generation of arbitrary vector beams with a spatial light modulator and a common path interferometric arrangement},
    url = {http://ol.osa.org/abstract.cfm?URI = {ol-32-24-3549}},
    volume = {32},
    year = {2007}
}

@article{Wang2012,
    author = { Wang, Jian
and Yang, Jeng-Yuan
and Fazal, Irfan M.
and Ahmed, Nisar
and Yan, Yan
and Huang, Hao
and Ren, Yongxiong
and Yue, Yang
and Dolinar, Samuel
and Tur, Moshe
and Willner, Alan E.},
    doi = {10.1038/nphoton.2012.138},
    journal = {Nature Photonics},
    pages = {488},
    title = {Terabit free-space data transmission employing orbital angular momentum multiplexing},
    volume = {6},
    year = {2012}
}

@article{Wang2013,
    author = {"Tingting, W and Cuifang, K and Xiang, H and Xu, L"},
    doi = {"10.1016/j.ijleo.2013.01.070"},
    issn = {"0030-4026"},
    journal = {"Optik"},
    number = {"21"},
    pages = {"4762 - 4765"},
    title = {"Focusing properties of cylindrical vector vortex beams with high numerical aperture objective"},
    url = {"http://www.sciencedirect.com/science/article/pii/S0030402613002520"},
    volume = {"124"},
    year = {"2013"}
}

@article{Wang2015,
    author = { Wang, Xi-Lin
and Cai, Xin-Dong
and Su, Zu-En
and Chen, Ming-Cheng
and Wu, Dian
and Li, Li
and Liu, Nai-Le
and Lu, Chao-Yang
and Pan, Jian-Wei},
    doi = {10.1038/nature14246},
    journal = {Nature},
    pages = {516},
    title = {Quantum teleportation of multiple degrees of freedom of a single photon},
    volume = {518},
    year = {2015}
}

@article{wangpaesani,
    author = {Wang, Jianwei and Paesani, Stefano and Santagati, Raffaele and Knauer, Sebastian and Gentile, Antonio A and Wiebe, Nathan and Petruzzella, Maurangelo and O’Brien, Jeremy L and Rarity, John G and Laing, Anthony and others},
    journal = {Nat. Phys.},
    number = {6},
    pages = {551},
    publisher = {Nature Publishing Group},
    title = {Experimental quantum Hamiltonian learning},
    url = {https://www.nature.com/articles/nphys4074?WT.feed_name = {subjects_quantum-simulation}},
    volume = {13},
    year = {2017}
}

@article{weitenberg2011singlespin,
    author = {Weitenberg, Christof and Endres, Manuel and Sherson, Jacob F. and Cheneau, Marc and Schau{\ss}, Peter and Fukuhara, Takeshi and Bloch, Immanuel and Kuhr, Stefan},
    doi = {10.1038/nature09827},
    issn = {0028-0836},
    journal = {Nature},
    month = {11},
    number = {7338},
    pages = {319--324},
    pmid = {21412333},
    title = {Single-spin addressing in an atomic Mott insulator},
    url = {http://dx.doi.org/10.1038/nature09827},
    volume = {471},
    year = {2011}
}

@article{willner2015optical,
    author = {Willner, A. E. and Huang, H. and Yan, Y. and Ren, Y. and Ahmed, N. and Xie, G. and Bao, C. and Li, L. and Cao, Y. and Zhao, Z. and et al.},
    doi = {10.1364/AOP.7.000066},
    journal = {Advances in Optics and Photonics},
    month = {Mar},
    number = {1},
    pages = {66},
    publisher = {The Optical Society},
    title = {Optical communications using orbital angular momentum beams},
    volume = {7},
    year = {2015}
}



@article{wjcik2004quasiperiodic,
    author = {W{\'o}jcik, Antoni and {\L}uczak, Tomasz and Kurzy{\'n}ski, Pawe{\l} and Grudka, Andrzej and Bednarska, Ma{\l}gorzata},
    doi = {10.1103/physrevlett.93.180601},
    issn = {0031-9007},
    journal = {Phys. Rev. Lett. },
    month = {4},
    number = {18},
    pages = {180601},
    pmid = {15525144},
    title = {Quasiperiodic Dynamics of a Quantum Walk on the Line},
    volume = {93},
    year = {2004}
}

@article{xu2018neural,
    archiveprefix = {arXiv},
    author = {Xu, Qian and Xu, Shuqi},
    eprint = {1811.06654},
    month = {nov},
    primaryclass = {quant-ph},
    title = {Neural network state estimation for full quantum state tomography},
    url = {http://arxiv.org/abs/1811.06654v2},
    year = {2018}
}

@article{yenLee_spin2015,
    author = {Y. L. Loh and M. Kim},
    doi = {10.1119/1.4898595},
    journal = {American Journal of Physics},
    number = {30},
    pages = {30--35},
    title = {Visualizing spin states using the spin coherent representation},
    volume = {83},
    year = {2015}
}

@article{yue2016,
    author = {Yue, Fuyong and Wen, Dandan and Xin, Jingtao and Gerardot, Brian D and Li, Jensen and Chen, Xianzhong},
    journal = {ACS photonics},
    number = {9},
    pages = {1558--1563},
    publisher = {ACS Publications},
    title = {Vector vortex beam generation with a single plasmonic metasurface},
    url = {https://doi.org/10.1021/acsphotonics.6b00392},
    volume = {3},
    year = {2016}
}

@article{yung2005perfect,
    author = {Yung, Man-Hong and Bose, Sougato},
    doi = {10.1103/physreva.71.032310},
    issn = {2469-9934},
    journal = {Phys. Rev. A },
    month = {5},
    number = {3},
    pages = {032310},
    title = {Perfect state transfer, effective gates, and entanglement generation in engineered bosonic and fermionic networks},
    url = {http://dx.doi.org/10.1103/physreva.71.032310},
    volume = {71},
    year = {2005}
}

@article{Zahringer2010,
    author = {Z{\"{a}}hringer, F. and Kirchmair, G. and Gerritsma, R. and Solano, E. and Blatt, R. and Roos, C. F.},
    doi = {10.1103/PhysRevLett.104.100503},
    issn = {0031-9007},
    journal = {Phys. Rev. Lett. },
    month = {mar},
    number = {10},
    pages = {100503},
    publisher = {American Physical Society},
    title = {Realization of a Quantum Walk with One and Two Trapped Ions},
    url = {https://link.aps.org/doi/10.1103/PhysRevLett.104.100503},
    volume = {104},
    year = {2010}
}

@article{Zhan,
    author = {Qiwen Zhan},
    doi = {10.1364/OPEX.12.003377},
    journal = {Opt. Express},
    month = {Jul},
    number = {15},
    pages = {3377--3382},
    publisher = {OSA},
    title = {Trapping metallic Rayleigh particles with radial polarization},
    url = {http://www.opticsexpress.org/abstract.cfm?URI = {oe-12-15-3377}},
    volume = {12},
    year = {2004}
}

@article{zhang-oam-qw-2010,
    author = {P. Zhang and B. H. Liu and R. F. Liu and H. R. Li and F. L. Li and G. C. Guo},
    journal = {Phys. Rev. A },
    pages = {052322},
    title = {Implementation of one-dimensional quantum walks on spin-orbital angular momentum space of photons},
    url = {https://journals.aps.org/pra/abstract/10.1103/PhysRevA.81.052322},
    volume = {81},
    year = {2010}
}

@article{zhang2010implementation,
    author = {Zhang, Pei and Liu, Bi-Heng and Liu, Rui-Feng and Li, Hong-Rong and Li, Fu-Li and Guo, Guang-Can},
    doi = {10.1103/physreva.81.052322},
    issn = {2469-9934},
    journal = {Phys. Rev. A },
    month = {10},
    number = {5},
    pages = {052322},
    title = {Implementation of one-dimensional quantum walks on spin-orbital angular momentum space of photons},
    url = {http://dx.doi.org/10.1103/physreva.81.052322},
    volume = {81},
    year = {2010}
}

@article{zhang2016creating,
    author = {{W.-W.} Zhang and Sandeep K. Goyal and Fei Gao and Barry C. Sanders and Christoph Simon},
    doi = {10.1088/1367-2630/18/9/093025},
    journal = {New Journal of Physics},
    number = {9},
    pages = {093025},
    title = {Creating cat states in one-dimensional quantum walks using delocalized initial states},
    volume = {18},
    year = {2016}
}

@article{zhang2016engineering,
    author = {Zhang, Yingwen and Roux, Filippus S. and Konrad, Thomas and Agnew, Megan and Leach, Jonathan and Forbes, Andrew},
    doi = {10.1126/sciadv.1501165},
    issn = {2375-2548},
    journal = {Science Advances},
    number = {2},
    pages = {e1501165},
    pmid = {26933685},
    title = {Engineering two-photon high-dimensional states through quantum interference},
    url = {http://dx.doi.org/10.1126/sciadv.1501165},
    volume = {2},
    year = {2016}
}

@article{Zhang2018,
    author = {"Xiaoqiang, Z and Ruishan, C and Anting, W"},
    doi = {"https://doi.org/10.1016/j.optcom.2017.12.076"},
    issn = {"0030-4018"},
    journal = {"Optics Communications"},
    pages = {"10 - 15"},
    title = {"Focusing properties of cylindrical vector vortex beams"},
    url = {"http://www.sciencedirect.com/science/article/pii/S0030401817312038"},
    volume = {"414"},
    year = {"2018"}
}

@article{Zhang:90,
    author = {Wei Zhang and Kazuyoshi Itoh and Jun Tanida and Yoshiki Ichioka},
    doi = {10.1364/AO.29.004790},
    journal = {Appl. Opt.},
    month = {Nov},
    number = {32},
    pages = {4790--4797},
    publisher = {OSA},
    title = {Parallel distributed processing model with local space-invariant interconnections and its optical architecture},
    url = {http://ao.osa.org/abstract.cfm?URI = {ao-29-32-4790}},
    volume = {29},
    year = {1990}
}

@article{zhong2015photonefficient,
    author = {Zhong, Tian and Zhou, Hongchao and Horansky, Robert D and Lee, Catherine and Verma, Varun B and Lita, Adriana E and Restelli, Alessandro and Bienfang, Joshua C and Mirin, Richard P and Gerrits, Thomas and Nam, Sae Woo and Marsili, Francesco and Shaw, Matthew D and Zhang, Zheshen and Wang, Ligong and Englund, Dirk and Wornell, Gregory W and Shapiro, Jeffrey H and Wong, Franco N C},
    doi = {10.1088/1367-2630/17/2/022002},
    issn = {1367-2630},
    journal = {New Journal of Physics},
    number = {2},
    pages = {022002},
    title = {Photon-efficient quantum key distribution using time--energy entanglement with high-dimensional encoding},
    url = {http://dx.doi.org/10.1088/1367-2630/17/2/022002},
    volume = {17},
    year = {2015}
}

@article{zhringer2010realization,
    author = {Z{\"a}hringer, F. and Kirchmair, G. and Gerritsma, R. and Solano, E. and Blatt, R. and Roos, C. F.},
    doi = {10.1103/physrevlett.104.100503},
    issn = {1079-7114},
    journal = {Phys. Rev. Lett. },
    month = {10},
    number = {10},
    pages = {100503},
    pmid = {20366407},
    title = {Realization of a Quantum Walk with One and Two Trapped Ions},
    url = {http://dx.doi.org/10.1103/physrevlett.104.100503},
    volume = {104},
    year = {2010}
}

@article{zukowski1993eventreadydetectors,
    author = {Żukowski, M. and Zeilinger, A. and Horne, M. A. and Ekert, A. K.},
    doi = {10.1103/PhysRevLett.71.4287},
    journal = {Physical Review Letters},
    month = {Dec},
    number = {26},
    pages = {4287–4290},
    publisher = {American Physical Society (APS)},
    title = {“‘Event-ready-detectors’” Bell experiment via entanglement swapping},
    volume = {71},
    year = {1993}
}

